3382 5194
672 423 853 471 rrersrnrre
1315 407 1376 469 127

145 583 304 667 significat
327 585 432 668 potius
456 584 598 648 Bacchi
622 585 770 649 festum.
795 584 956 667 Βακχεῖον
979 583 1136 667 significet
1159 584 1265 667 orgia
1288 583 1378 647 Βαο-

145 674 254 736 chiea
276 673 351 737 Eur.
375 673 493 738 Phoen.
519 676 569 736 21.
609 673 748 738 Pluralis
782 680 830 738 est
862 674 939 737 Ren.
965 675 1037 736 357.
1071 674 1208 756 γλώττης
1234 674 1376 756 βακχεῖα.

143 769 175 824 et
197 763 282 827 Plut.
306 782 407 846 comp.
432 762 520 827 Dem.
539 768 571 826 et
586 764 703 826 Anton.
720 766 748 826 2.
765 764 920 846 κοιμίζων
935 762 1009 834 τοὺς
1024 764 1159 832 θιάσους
1174 762 1228 825 καλ
1243 762 1279 824 τά
1295 763 1375 843 βακ-

142 859 211 933 χεῖα
235 854 432 916 καταπαύων
448 852 663 936 (Δημήτριος).
690 851 734 915 01.
751 852 904 937 Theophr.
922 851 1012 916 Cher.
1030 855 1081 915 27.
1105 852 1166 915 κάν
1189 875 1252 914 που
1269 852 1376 934 κληθῇ

142 943 185 1011 εἰς
204 939 403 1024 Ἡρακλεῖον,
422 979 462 987 -
479 943 534 1006 τὸν
556 944 637 1025 βοῦν
661 942 817 1024 αἱρεῖσθαι
841 942 875 1025 (l.
900 942 1071 1024 αἴρεσθαι),
1096 943 1145 1005 ἵνα
1169 940 1348 1024 τραχηλίσγγ.

234 1034 262 1093 2,
287 1031 472 1115 Κωλιάδος]
498 1029 542 1095 01.
566 1029 650 1095 Nub.
676 1033 726 1094 52.
752 1030 905 1114 [Luciam]
934 1034 1043 1096 Amor.
1069 1033 1120 1093 42.
1144 1030 1317 1100 Κωλιάδος
1334 1067 1375 1075 -

140 1120 195 1183 καὶ
218 1119 253 1182 Γ
249 1120 441 1191 ενετυλλίδας
463 1124 483 1204 ἢ
507 1122 563 1203 τὴν
591 1121 732 1203 Φρυγίαν
757 1121 903 1202 δαίμονα.
927 1119 1043 1184 Herod.
1066 1119 1154 1183 VIII.
1173 1121 1222 1184 96.
1247 1121 1298 1182 ἐπὶ
1319 1120 1376 1202 τὴν

140 1210 235 1291 ἠϊόνα
272 1211 328 1293 τὴν
360 1211 557 1292 καλεομένην
591 1210 752 1273 Κωλιάδα.
798 1211 849 1274 Sic
885 1210 958 1293 περὶ
989 1209 1141 1292 Σηπιάδα
1179 1211 1237 1292 (se.
1261 1210 1375 1292 ἄκρην]

139 1296 260 1362 Herod.
285 1299 356 1362 VII.
383 1300 455 1362 190.
495 1299 541 1362 01.
575 1301 670 1363 etiam
703 1299 839 1382 Σκιρδς,
873 1301 1018 1364 Athenae
1052 1317 1231 1381 cognomen
1254 1298 1375 1381 (Phor).

185 1387 290 1451 Schol.
315 1393 405 1470 (φασι
429 1389 465 1450 0.
489 1389 589 1469 Pers.)
612 1389 690 1452 ibid.
715 1389 791 1470 (δεῖν
815 1389 926 1467 Suid.).

154 1507 155 1510 ¹
232 1480 260 1540 8.
284 1481 460 1551 τοξοποιεῖν
484 1478 542 1562 -]
567 1479 590 1542 l.
615 1497 641 1542 e.
665 1479 818 1559 συνάγειν,
842 1477 925 1542 Nub.
952 1480 1023 1542 582.
1048 1478 1095 1542 Ρ1.
1122 1478 1193 1542 756.
1227 1478 1373 1561 Angliee‚

140 1571 175 1629 to
201 1569 302 1631 arch.
342 1565 385 1630 01.
402 1568 543 1652 Alciphr.
559 1567 616 1631 III.
635 1569 685 1630 19.
710 1567 806 1649 δριμὺ
822 1569 929 1650 βλέπει
944 1568 998 1631 καὶ
1012 1571 1173 1640 τοξοποιεῖ
1192 1566 1247 1637 τάς
1263 1567 1374 1650 ὀφρῦς.

231 1659 259 1719 9.
285 1658 405 1740 κάομαι
429 1657 487 1741 -]
519 1657 562 1721 01.
587 1657 680 1722 Pind.
705 1657 739 1721 P.
765 1656 820 1720 IV.
847 1658 919 1720 389.
948 1657 1097 1720 καίεσθαί
1117 1681 1212 1730 τινος,
1241 1655 1374 1720 Herme-

139 1747 401 1826 mmeffl

231 1837 283 1898 13.
308 1835 352 1899 01.
376 1836 471 1899 Thue.
496 1834 568 1899 VH.
595 1838 644 1899 18.
673 1837 840 1919 εἰρημένον
868 1840 902 1899 έν
930 1843 996 1905 ταῖς
1018 1836 1175 1918 πρότερον
1198 1836 1374 1917 ξυνθήκαις

137 1925 220 1987 ὅπλα
244 1925 291 2007 μὴ
317 1926 475 2008 ἐπιφέρειν
492 1962 533 1971 -
551 1926 610 2007 ούχ
634 1926 810 2007 ὑπήκουον.
848 1925 937 1988 Infra
960 1927 1033 1988 422.
1060 1926 1141 1989 δέον.
1165 1924 1260 2008 Vesp.
1281 1921 1373 1988 1288.

136 2015 244 2096 μέλον.
270 2013 316 2077 Pl.
329 2015 401 2077 910.
425 2022 599 2097 προσῆκον.
617 2015 712 2077 Thuc.
727 2014 752 2078 I.
765 2015 836 2077 125.
855 2015 1056 2096 δεδογμένον.
1081 2015 1119 2078 V.
1131 2015 1181 2077 30.
1198 2015 1373 2096 εἰρημένον.

232 2106 284 2168 14.
308 2104 597 2188 βουλευομένοισιν]
626 2106 841 2168 Accusativus
865 2109 913 2168 est
937 2104 1032 2169 Thue.
1049 2104 1105 2166 VI.
1123 2105 1174 2166 67.
1199 2103 1245 2173 οἷς
1269 2105 1373 2187 εἴρητο

137 2229 178 2238 -
202 2197 393 2276 ἐφορῶντας
416 2194 673 2277 παραγίγνεσθαι.

229 2284 281 2346 16.
306 2288 466 2364 γυναικῶν
482 2282 610 2366 ἔξοδος]
628 2283 674 2348 Of.
691 2281 781 2347 Dem.
798 2304 826 2367 p.
845 2285 939 2346 1182.
956 2283 1089 2356 ε’ξόδους
1105 2282 1254 2365 λαμπρὰς
1270 2284 1372 2355 ἐξιοῦ-

137 2396 196 2435 σαν
213 2374 371 2455 (ἕταίραν).
387 2372 519 2436 Lueian.
536 2378 643 2435 Amor.
660 2375 711 2435 42.
728 2373 880 2456 Theophr.
892 2373 983 2437 Cher.
995 2374 1046 2434 22.
1070 2371 1179 2455 Epieh.
1195 2372 1244 2435 rr.
1260 2374 1333 2454 139,
1343 2375 1372 2434 4.

136 2465 169 2524 αι’
190 2463 228 2526 δέ
251 2486 295 2525 κα
319 2462 487 2544 φιλέξοδδν
514 2487 545 2525 τε
572 2462 627 2525 καλ
654 2463 749 2526 λάλον
773 2463 826 2525 καὶ
850 2462 970 2544 δαψιλῆ
994 2462 1104 2544 (λάβῃς
1128 2462 1289 2543 γυναῖκα),
1314 2467 1372 2525 ete.

136 2553 252 2615 Aesch.
278 2550 385 2634 Suppl.
412 2552 484 2615 764.
509 2553 596 2615 ούτοι
618 2558 724 2634 ταχεῖα
749 2552 923 2614 ναυστάλου
948 2551 1040 2632 στολὴ
1065 2557 1207 2633 στρατοῦ,

229 2642 280 2703 17.
305 2641 375 2721 περὶ
398 2641 453 2704 τὸν
476 2640 566 2723 ἄνδρ’
591 2641 777 2725 ἐκύπτασεν]
807 2641 852 2705 01.
877 2641 917 2706 ad
940 2640 1024 2703 Nub.
1050 2641 1122 2703 500.
1146 2641 1370 2714 κυπτάζεις-

135 2731 205 2812 περὶ
238 2731 297 2812 τὴν
329 2731 443 2810 θύραν.
477 2731 550 2794 Pac.
577 2732 649 2793 731.
683 2732 754 2813 περὶ
785 2729 840 2800 τάς
873 2729 993 2812 σκηνάς
1017 2767 1058 2774 -
1082 2731 1259 2803 κυπτάζειν.
1292 2729 1372 2794 Plat.

135 2819 201 2882 Pol.
226 2821 294 2882 469
311 2819 348 2883 D.
373 2819 448 2882 ὅταν
470 2821 542 2903 περὶ
564 2819 618 2883 τὸν
641 2821 799 2884 τεθνεῶτα
822 2821 1014 2893 κυπτάζωσι.

226 2911 278 2972 19.
303 2908 478 2993 ἐψώμισεν]
503 2909 546 2973 01
571 2909 628 2992 Eq.
654 2911 727 2972 715.
757 2911 921 2992 ἐπίσταμαι
949 2908 1010 2992 γάρ
1039 2908 1135 2972 αὐτὸν
1158 2909 1204 2979 οἷς
1227 2911 1371 2991 ψωμίζε-

134 3021 188 3062 ται.
212 2999 269 3062 Th.
295 2998 368 3060 692.

224 3089 277 3151 20.
302 3087 563 3171 προυργιαίτερα]
589 3088 634 3152 01.
651 3088 737 3152 Eccl.
755 3090 827 3151 784.
852 3089 888 3151 ἔα
911 3112 952 3170 με
976 3094 1040 3151 τῶν
1055 3089 1222 3171 προύργου
1239 3113 1265 3150 τι
1283 3088 1371 3170 δρᾶν.

135 3177 180 3239 Pl.
197 3178 273 3240 623.
299 3177 377 3241 Prat.
395 3177 489 3261 Gorg.
506 3179 579 3240 458.
603 3177 865 3261 προυργιαίτεράν
882 3179 950 3240 ἐστι.
970 3178 1066 3240 Thuc.
1082 3177 1140 3242 111.
1160 3179 1231 3240 109.
1248 3201 1370 3260 προυρ-

135 3268 290 3349 γιαίτερον
314 3267 475 3330 ποιεῖσθαί
495 3292 529 3329 τι.
555 3266 704 3332 Dinareh.
729 3289 757 3351 p.
783 3268 856 3349 104,
880 3269 931 3329 44.
955 3268 1199 3349 προυργιαιτέρα
1224 3268 1323 3350 χάρις.

223 3358 277 3419 22.
302 3357 352 3438 ἐφ’
376 3356 396 3419 ὅ
418 3355 459 3440 τι]
485 3354 528 3419 01.
553 3358 626 3420 481.
654 3357 747 3420 1101.

223 3448 276 3510 23.
302 3445 346 3510 01.
370 3445 455 3509 ΕοοΙ.
482 3447 576 3509 1048.
605 3447 648 3516 εἰς
676 3447 813 3529 ἑσπέραν
839 3446 843 3529 Ι
867 3447 1009 3529 μεγάλην
1038 3447 1203 3509 ἀποδώσω
1232 3445 1285 3509 καὶ
1308 3469 1369 3508 πα-

135 3536 220 3616 χεῖάν
245 3558 296 3599 σοι
319 3535 419 3618 χάριν.
443 3535 515 3599 Ραο.
542 3537 636 3599 1348.
661 3536 739 3599 Ach.
766 3537 838 3599 787.

222 3627 276 3688 24.
300 3624 355 3687 καὶ
376 3625 414 3707 νὴ
432 3624 489 3687 Δία
513 3624 615 3708 παχύ]
642 3624 764 3689 Ultima
792 3627 826 3688 in
850 3624 907 3687 Δία
933 3627 1038 3690 estin
1063 3625 1145 3704 ictu,
1170 3626 1262 3688 utin
1286 3623 1369 3687 Nub.

135 3714 205 3777 817.
229 3713 278 3797 μὰ
302 3714 357 3777 τὸν
379 3714 437 3777 Δία
460 3713 514 3777 τδν
534 3713 718 3796 Ὀλύμπιον.
759 3714 804 3778 01.
823 3715 873 3776 52.
893 3715 964 3777 102.
989 3714 1047 3796 Eq.
1067 3716 1162 3777 1159.
1186 3713 1271 3778 Nub.
1295 3716 1368 3777 884.

134 3803 195 3883 (Th.
223 3804 340 3886 1049).
423 3802 503 3885 κᾷτα
536 3809 607 3874 πῶς
631 3803 708 3887 --,·]
743 3803 786 3867 01.
811 3804 861 3867 Fr.
887 3806 965 3887 345,
992 3803 1065 3867 1Κ.
1103 3805 1234 3866 κᾶπειτα
1268 3808 1339 3873 πῶς
1364 3799 1368 3890 Ι

134 3893 249 3974 φῴδας
273 3894 427 3963 τοσαύτας
450 3892 512 3975 εἶχε
529 3917 588 3969 -;

222 3983 265 4045 26
283 4002 328 4065 sq.
353 3980 397 4045 01.
421 3983 461 4046 ed
486 3982 543 4062 Eq.
571 3983 664 4045 1290.
688 3983 767 4046 Rau.
793 3984 865 4045 931.
890 3981 973 4045 Nub.
1000 3984 1049 4044 75.

222 4073 275 4134 81.
301 4072 345 4135 01.
368 4071 417 4135 Fr.
444 4073 516 4154 198,
542 4073 591 4134 11.
626 4072 672 4141 ὡς
704 4071 820 4154 σφόδρ’
850 4071 900 4134 ἐπὶ
928 4072 1050 4135 λεπτῶν
1074 4072 1212 4136 ἐλπίδων
1237 4072 1368 4154 ὠχεῖσθ’
1450 4059 1451 4066 ¹

135 4159 202 4242 ἄρα.
227 4161 318 4243 Trag.
336 4161 440 4244 adesp.
459 4163 509 4223 55.
533 4161 627 4243 λεπτή
652 4186 696 4231 τις
719 4162 804 4231 ε’λπίς
828 4161 889 4223 ἐστ’
914 4162 964 4242 ἐφ’
989 4159 1027 4244 ἧς
1051 4161 1227 4244 ὀχούμεθα.
1251 4162 1368 4224 Aesch.

136 4249 184 4331 99,
208 4253 260 4313 22.
298 4249 391 4334 λεπτὴ
432 4250 492 4332 γὰρ
526 4251 611 4320 ἐλπὶς
643 4252 709 4332 ἥδε.
742 4249 859 4315 Herod.
884 4250 956 4312 VII.
990 4253 1059 4312 188.
1098 4251 1293 4333 ὥρμεον-
1319 4249 1368 4313 ἐπ’

136 4338 311 4422 ἀγκυρέων.
335 4341 431 4404 Thue.
449 4340 487 4401 V.
507 4340 579 4403 103.
604 4340 747 4409 ἀσθενεῖς
770 4365 802 4404 τε
825 4340 879 4402 καὶ
903 4340 953 4402 ἐπὶ
977 4341 1080 4422 ῥοπῆς
1102 4345 1178 4421 μιᾶς
1193 4340 1224 4421 (l.
1240 4341 1368 4421 μικρᾶς]

135 4427 226 4498 ὄντες.
251 4429 331 4493 Plat.
354 4428 448 4512 Legg.
472 4429 530 4493 III.
551 4430 615 4493 699
631 4429 667 4492 Β.
692 4430 742 4492 ἐπὶ
767 4429 802 4493 δὲ
824 4436 879 4510 τῆς
902 4429 1028 4498 ε’λπίδος
1052 4430 1222 4511 ὀχούμενοι
1246 4431 1367 4511 ταύτης.

135 4512 222 4582 Dem.
248 4519 287 4583 de
311 4516 379 4582 Cor.
405 4519 478 4582 281.
503 4514 561 4582 ούκ
586 4519 637 4582 ἐπὶ
659 4526 714 4601 τῆς
738 4519 835 4601 αὐτῆς
858 4519 954 4601 ὁρμεῖ
972 4525 1036 4587 τοῖς
1059 4519 1172 4589 ἄλλοις.
