3440 5196
325 385 390 448 278
779 405 1101 452 nnnsnonflomnzosnn

324 564 597 646 θιακεκλασμένος.
635 562 727 629 Dion.
760 565 831 630 Hal.
861 565 929 647 jud.
956 565 1051 630 Thuc.
1080 567 1131 630 43.
1171 562 1382 647 θιακλῶμενοι
1419 567 1552 649 ῥυθμοί.

322 653 431 738 Epigr.
455 654 702 719 Automedontis
725 656 810 738 apud
833 655 885 718 Br.
909 654 951 718 II.
977 656 1049 718 207.
1078 655 1134 738 τὴν
1158 655 1222 719 ἀπὸ
1245 663 1300 738 τῆς
1323 656 1427 739 Ἀσίης
1452 657 1551 739 ὀρχη-

324 744 445 825 στρίόα,
472 743 528 827 τὴν
556 744 784 827 κακοτέχνοις]
805 746 961 827 σχήμασιν
990 746 1025 818 ἐξ
1052 745 1186 808 ἁπαλῶν
1214 739 1385 828 κινυμένην
1415 746 1553 828 ὀνύχων.

322 832 400 897 Ηοε.
430 833 531 897 Germ.
559 833 617 898 HI.
647 834 674 897 6.
705 835 756 896 22.
794 834 910 898 ‘motus
948 834 1055 898 doceri
1093 835 1210 918 gaudet
1246 835 1373 899 Ionicos
1399 834 1404 918 ]
1428 841 1555 900 matura

323 923 416 1007 virgo
441 921 508 988 eto'

414 1013 486 1075 164.
510 1012 570 1095 γὰρ
599 1011 667 1097 οὖν]
701 1013 746 1076 Of.
770 1013 882 1078 Aesch.
907 1013 956 1078 Fr.
981 1015 1054 1094 291,
1080 1015 1107 1076 5.
1142 1015 1202 1078 όύο
1235 1013 1296 1097 γὰρ
1329 1013 1386 1078 οὗν
1419 1014 1553 1097 μορφὰς

323 1107 423 1185 φανεῖ.
448 1101 522 1164 Fur.
546 1103 594 1166 Fi.
619 1104 692 1166 290.

414 1192 486 1254 170.
512 1189 556 1254 Of.
579 1191 691 1276 Eupol.
716 1194 790 1273 244,
815 1194 842 1255 3.
874 1191 910 1256 τὸ
943 1192 1074 1276 σκῶμμ’
1107 1193 1235 1276 ἀσελγὲς
1266 1193 1385 1257 καὶ-
1414 1194 1553 1276 φυχρόν.

323 1280 416 1344 Alex.
443 1282 515 1364 179,
540 1282 568 1344 2.
596 1287 728 1364 πρᾶγμα
758 1283 785 1346 ό’
810 1283 871 1346 ἔστι
897 1306 953 1363 μοι
981 1281 1088 1364 μέγα]
1109 1284 1247 1365 φρέατος
1274 1284 1367 1346 ἔνδον
1393 1283 1552 1366 ιγυχρότε-

325 1394 383 1452 ρον
411 1369 590 1452 Ἀραρότος.
635 1370 743 1436 Simile
781 1377 829 1436 est
860 1371 1026 1435 Machonis
1062 1372 1142 1436 illud
1175 1373 1290 1438 Athen.
1315 1371 1406 1436 XIII.
1433 1373 1497 1436 580
1515 1375 1554 1435 A.

323 1459 452 1542 ψυχρόν
475 1459 516 1542 γ’,
550 1461 625 1544 ἔφη,
647 1461 651 1544 I
671 1460 834 1535 Γνάθαιν’,
868 1463 947 1544 ἔχεις
974 1461 1028 1524 τὸν
1056 1462 1177 1525 λάκκον
1205 1463 1484 1544 ὁμολογουμένως.
1506 1460 1552 1546 ln}

326 1550 354 1613 θ’
378 1547 456 1622 εἶπε,
492 1549 564 1613 Τῶν
596 1556 663 1614 σῶν
696 1552 868 1634 θραμότων
901 1551 961 1634 γὰρ
994 1552 1150 1633 ἐπιμελῶς
1171 1551 1175 1634 Ι
1196 1553 1239 1623 εἰς
1271 1551 1366 1615 αὐτόν
1399 1552 1447 1615 ἀεὶ
1478 1551 1554 1622 τοὺς

324 1638 504 1722 προλόγους
527 1639 734 1723 ἐμβάλλομεν.

417 1730 488 1791 173.
511 1729 654 1814 βαΰζων]
689 1730 734 1794 cf.
760 1731 832 1793 895.
865 1731 971 1813 βάϋζε.
1004 1731 1118 1794 Aesoh.
1142 1729 1228 1795 Pers.
1254 1732 1303 1794 13.
1329 1732 1445 1796 Grafin.
1472 1732 1501 1811 6,
1528 1732 1555 1793 1.

302 1817 405 1901 Ιεῖόες
426 1817 482 1899 τὴν
509 1816 629 1882 Θασίαν
653 1820 756 1902 ἅλμην
780 1818 819 1882 οῖ’
842 1820 915 1883 ἅττα
939 1819 1056 1902 βαύζει.
1086 1818 1172 1883 Gom.
1197 1840 1289 1884 anon.
1305 1819 1360 1882 IV.
1386 1822 1460 1884 652.
1489 1822 1554 1903 βαῦ

324 1909 388 1991 βαῦ
412 1906 570 1990 (βαΰζων)
594 1908 648 1972 καὶ
670 1908 768 1979 κυνὸς
791 1909 905 1992 φωνὴν
928 1910 989 1979 ίείς.
1012 1909 1141 1974 Theocr.
1158 1909 1213 1974 VI.
1232 1911 1282 1974 10.
1306 1911 1326 1972 ἁ
1346 1910 1380 1973 όὲ
1405 1911 1436 1991 (ἆ
1452 1911 1555 1990 κύων)

324 1995 457 2081 βσύσόει
479 1997 585 2080 (A'ngI.
609 1997 719 2080 boys)
744 2003 801 2063 etc.
825 1998 1010 2081 Hesychius
1032 1999 1161 2082 βαΰζειν
1176 2019 1232 2083 per
1248 2000 1389 2063 ὑλακτεῖν
1406 2000 1555 2083 explicat.

369 2085 506 2169 καὶγὰρ
530 2087 594 2169 ἐγὼ
613 2088 670 2172 -]
695 2087 718 2150 Ι.
743 2108 768 2152 e.
791 2088 845 2151 καὶ
868 2088 932 2170 ἐγὼ
956 2088 1030 2170 γὰρ,
1059 2089 1200 2154 etenim
1224 2094 1259 2154 et
1283 2109 1359 2173 ogo.
1399 2089 1443 2151 cf.
1468 2089 1554 2154 Eool.

328 2177 399 2240 998.
424 2175 482 2258 Fq.
509 2177 602 2240 1072.

417 2267 488 2329 175.
513 2267 600 2349 ζηλῶ
633 2291 668 2330 σε
702 2274 757 2350 τῆς
788 2267 1000 2351 παιδεύσεως]
1035 2267 1080 2331 cf.
1109 2268 1166 2351 Eq.
1197 2270 1270 2332 837.
1309 2269 1396 2352 ζηλῶ
1429 2292 1465 2332 σε
1501 2275 1555 2350 τῆς

326 2355 518 2437 εὐγλωττίας.
551 2356 645 2440 Vesp.
672 2356 766 2419 1450.
799 2358 887 2440 ζηλῶ
915 2381 949 2439 γε
976 2364 1032 2440 τῆς
1059 2358 1201 2440 εύτυχιάς
1225 2365 1230 2440 ]
1255 2357 1309 2421 τὸν
1331 2359 1474 2441 πρέσβυν
1498 2365 1554 2423 etc.

327 2445 405 2510 th.
432 2444 525 2509 1008.

418 2535 490 2598 176.
514 2535 566 2618 ἔα]
592 2533 849 2617 Monosyllabum
873 2540 908 2599 ut
930 2537 964 2598 in
988 2537 1038 2599 64.
1062 2538 1121 2600 Av.
1148 2538 1242 2600 1495.

417 2625 490 2687 177.
514 2630 618 2707 σοφοῦ
650 2625 732 2707 πρὸς
765 2625 882 2707 ἀνδρὸς
914 2626 997 2696 ὅστις
1021 2623 1079 2712 -]
1113 2626 1158 2690 cf.
1192 2627 1249 2710 Fq.
1276 2627 1369 2690 1275.
1402 2626 1480 2690 Eur.
1504 2627 1552 2691 Fr.

328 2715 379 2797 28,
405 2715 431 2776 1.
464 2714 587 2786 ποῖόες,
616 2721 721 2796 σοφοῦ
753 2713 835 2796 πρὸς
867 2715 984 2797 ἀνδρὸς
1008 2720 1065 2780 etc.
1099 2715 1212 2778 Bacch.
1238 2717 1310 2779 641.
1338 2715 1420 2799 πρός
1449 2722 1554 2799 σοφοῦ

328 2803 389 2885 γὰρ
413 2803 531 2885 ἀνδρὸς
554 2808 610 2866 etc.
636 2803 728 2886 Soph.
753 2805 801 2886 Aj.
825 2805 917 2867 1071.
942 2804 991 2868 Fr.
1009 2805 1082 2867 206.
1099 2805 1173 2868 836.
1198 2810 1255 2868 eto.
1283 2805 1359 2868 Fur.
1382 2805 1432 2869 Fr.
1460 2807 1554 2869 1042.

328 2891 481 2975 συμφορὰ
507 2893 534 2955 θ’
564 2895 600 2962 ὃς
632 2895 671 2955 ἂν
702 2894 780 2976 τύχη
802 2895 806 2973 1
827 2901 929 2975 κακῆς
962 2894 1119 2976 γυναικός.
1147 2895 1235 2978 Trag.
1260 2895 1365 2978 adesp.
1391 2896 1466 2958 286.
1489 2895 1554 2959 τόθ’

328 2983 389 3045 ἐστὶ
415 2981 451 3045 τὸ
479 2981 620 3063 ζηλωτὸν
643 2983 844 3064 ἀνθρώποις,
878 2983 942 3065 ότῳ
962 2983 966 3066 1
986 2984 1079 3056 τόξον
1110 2986 1266 3067 μερίμνης
1294 2987 1337 3055 εἰς
1364 2987 1382 3048 ὃ
1410 2985 1555 3068 βούλεται

327 3073 416 3154 πέσῃ.
441 3071 595 3151 Panyasis
619 3071 667 3134 Fr.
694 3072 744 3153 16,
772 3074 797 3134 1.
823 3073 915 3154 ἀρετή
944 3073 982 3136 νύ
1010 3075 1053 3143 τίς
1076 3074 1137 3136 ἔστι
1165 3075 1219 3136 καὶ
1246 3075 1338 3157 αὕτη,
1359 3077 1363 3148 λ
1386 3075 1422 3144 ὅς
1444 3075 1477 3137 κ’
1501 3075 1554 3136 ἆν-

329 3162 418 3242 όρῶν
445 3161 526 3225 πολὺ
555 3162 697 3226 πλεῖστον
729 3164 764 3224 ἐν
797 3162 935 3245 εἰλαπίνῃ
967 3163 1053 3244 μέθυ
1086 3164 1168 3245 πίνῃ.
1201 3163 1297 3226 Thuc.
1322 3163 1361 3226 II.
1386 3166 1438 3226 44.
1468 3163 1504 3227 τὸ
1527 3163 1555 3226 θ’

328 3249 571 3404 1111111111
593 3252 1403 3412 111111111811111111111011)11
1423 3252 1555 3406 {II-c·

328 3453 395 3494 νων
428 3430 463 3493 όὲ
495 3431 625 3512 ἀνδρῶν
661 3365 925 3512 όίτινεςητάγαθὰ
964 3432 995 3500 ἐς
1032 3432 1213 3514 ἀμφίβολον
1250 3432 1404 3513 ἀσφαλῶς
1437 3367 1555 3496 έθῒνρτο.

328 3519 498 3602 Euripides
522 3519 580 3596 (Fr.
606 3521 658 3599 28,
684 3521 722 3598 1.)
745 3520 882 3596 dixerat,
905 3521 1028 3593 παῖδες,
1052 3528 1157 3603 σοφοῦ
1180 3521 1262 3603 πρὸς
1285 3522 1402 3603 ἀνδρὸς
1427 3529 1485 3585 etc.

422 3610 492 3672 178.
516 3608 653 3678 πολλοὺς
676 3610 783 3680 καλῶς
807 3610 872 3680 οἶός
894 3635 926 3673 τε
950 3612 1128 3692 συντέμνειν
1143 3609 1273 3693 λόγους]
1299 3610 1343 3674 cf.
1363 3610 1440 3674 Rau.
1464 3613 1555 3675 1107.

374 3698 440 3768 οῖός
462 3698 510 3782 τε]
544 3697 617 3761 Sub.
642 3699 710 3761 ἐστί,
752 3699 870 3762 Eadem
898 3701 1018 3782 ellipsis
1046 3708 1094 3764 est
1122 3699 1177 3782 Fq.
1203 3703 1275 3763 343.
1303 3701 1402 3781 λέγειν
1431 3702 1498 3772 οἷός
1525 3725 1556 3764 τε

329 3788 431 3870 κάγώ.
458 3787 529 3870 hys,
555 3789 627 3850 719.
656 3789 805 3870 ἀποσχεῖν
830 3791 933 3852 οὐκέτι
953 3791 957 3872 l
979 3791 1029 3853 οῖα
1054 3791 1079 3852 τ’
1104 3795 1160 3853 etc.
1229 3792 1406 3872 συντέμνειν
1430 3790 1556 3875 λόγους]

331 3878 376 3941 cf.
401 3877 494 3959 Soph.
519 3880 592 3940 Ant.
617 3878 690 3940 446.
719 3877 757 3941 σὺ
782 3879 810 3941 θ’
835 3881 901 3942 εἶπέ
927 3903 983 3960 μοι
1008 3917 1048 3924 -
1073 3880 1221 3961 σύντομα.
1247 3879 1281 3942 0.
1299 3879 1331 3943 0.
1358 3881 1454 3943 1578.
1483 3905 1555 3944 συν-

330 3968 512 4048 τομώτατος
543 3967 649 4048 λέγειν.
682 3967 757 4030 Eur.
786 3969 863 4032 Hoc.
895 3970 988 4032 1154.
1021 3969 1096 4033 Fur.
1125 3969 1173 4032 Fr.
1205 3971 1281 4051 364,
1312 3971 1340 4032 5.
1376 3971 1494 4052 βραχεῖ
1523 3970 1556 4033 δὲ

330 4058 430 4139 μύθῳ
446 4056 546 4121 πολλὰ
566 4057 733 4140 συλλαβῶν
750 4057 955 4141 (συντεμὼνῗ)
980 4060 1053 4141 ε’ρῶ.
1123 4058 1311 4142 συντέμνειν]
1337 4059 1555 4126 Concidere.

331 4146 416 4209 Hinc
439 4147 594 4222 σύντομος
618 4149 804 4211 concisus.

423 4237 494 4299 179.
518 4243 611 4320 καινῇ
640 4240 793 4319 ξυμφορᾷ
815 4238 1050 4322 πεπληγμένος]
1081 4236 1124 4300 cf.
1147 4235 1222 4300 Eur.
1247 4237 1315 4302 Alc.
1340 4238 1413 4302 856.
1442 4241 1556 4322 καίπερ

330 4327 443 4410 βαρείᾳ
467 4328 620 4408 ξυμφορᾷ
642 4327 870 4408 πεπληγμένος.

422 4416 494 4479 184.
518 4416 772 4497 ἐγκαθεζόμενος
795 4416 917 4501 λάθρα]
943 4417 987 4480 cf.
1010 4416 1095 4481 Fccl.
1120 4419 1171 4481 23.
1196 4419 1481 4502 κάγκαθεζομένας
1502 4421 1556 4483 λα-

331 4506 409 4573 θεῖν.
433 4503 509 4572 Ran.
536 4508 630 4575 1523.
654 4506 749 4574 Thuc.
773 4505 829 4573 IV.
854 4509 882 4572 2.
909 4509 935 4570 1.
965 4508 1212 4594 ἐγκαθεζόμενοι
1239 4507 1356 4596 ἐδῄουν
1378 4509 1435 4593 τὴν
1458 4509 1554 4575 πόλιν.
