3382 5194
330 393 373 458 94
825 409 1063 462 mundanam

388 571 494 636 6.52
518 569 564 636 01.
585 569 638 634 Fr.
662 569 736 634 564.
769 570 944 640 ἑπτάπους
962 575 1044 660 γοῦν
1070 570 1090 652 ἡ
1120 569 1194 634 σκιά
1229 568 1303 634 ’στλν
1340 568 1396 652 ῆτιλ
1431 567 1468 632 τδ
1501 569 1560 633 δεῖ-

330 682 414 724 πνον
437 660 489 740 (r)
517 660 565 730 ῶς
587 660 651 742 ήδη
675 659 822 741 καλεῖμ’
845 660 864 723 δ
886 659 985 743 χορὸς
1008 659 1026 723 ὁ
1049 658 1238 742 φιλοτήσιος.
1268 658 1346 723 Ρ511.
1370 658 1426 722 VI.
1451 661 1503 722 44.
1525 665 1561 770 τῆ

330 756 405 832 σκιᾷ
438 748 468 812 δ’
501 749 723 832 ἐτεκμαίροντο
755 747 810 812 τὸν
841 747 955 832 καιρὸν
986 755 1041 833 τῆς
1073 749 1125 814 ἐπὶ
1156 749 1284 813 δεῖπνον
1316 748 1410 821 ὁδοῦ,
1442 750 1483 831 ἢν
1510 748 1562 811 καὶ

330 843 482 922 στοιχεῖον
504 839 653 902 ἐκάλουν·
682 837 736 904 καί
763 838 827 902 ἔδει
850 839 1004 912 σπεύδειν,
1033 839 1062 902 εἰ
1083 838 1245 902 δεκάπουν
1272 836 1308 902 τδ
1331 842 1484 920 στοιχεῖον
1507 839 1560 920 εἴη.
1681 841 1682 846 ’

375 927 535 1012 λιπαρῶς]
561 927 646 1012 Irege
668 928 803 1011 λιπαρῷ.
842 926 885 991 01.
909 927 967 1011 Ερ.
992 927 1066 991 536.
1089 927 1229 992 θεᾶσθαι
1252 927 1394 1010 λιπαρόν.
1418 926 1465 990 ΡΙ.
1491 927 1561 989 olo.

330 1016 463 1102 λιπαρὸς
485 1022 605 1104 χωρῶν
629 1017 662 1082 ἐν
684 1015 969 1101 βαλανεύσοΝιτΙ).
996 1017 1090 1082 1002.

423 1107 496 1171 655.
521 1104 564 1172 01.
588 1109 648 1170 AV.
674 1108 768 1170 1457.
792 1107 884 1178 ὅπως
906 1108 946 1170 ἂν
969 1106 1107 1190 ὠφλήκῃ
1132 1106 1231 1190 δίκην.
1255 1105 1338 1171 Nub.
1364 1107 1415 1170 34.

422 1197 494 1260 658.
519 1194 562 1259 01.
591 1194 710 1261 Herod.
738 1196 762 1262 Ι.
789 1197 861 1260 120.
898 1196 993 1279 ταύτῃ
1026 1196 1167 1268 πλεῖστος
1200 1197 1333 1279 γνώμην
1364 1195 1434 1278 εἰμί.
1466 1194 1561 1258 Thoe.

195 1351 200 1360 ,
331 1285 386 1352 VI.
403 1286 454 1349 50.
474 1286 651 1369 προσέθετο
666 1286 720 1350 καλ
740 1285 836 1356 αύτὸς
855 1291 892 1369 τῆ
907 1284 1069 1370 Λαμάχου
1090 1287 1213 1369 γνώμη.
1281 1284 1388 1368 τάλαν]
1414 1283 1562 1368 Correpta

331 1375 499 1458 posteriori
522 1377 609 1440 utin
626 1375 721 1440 1005.
760 1373 908 1440 Notanda
924 1375 1050 1440 articuli
1066 1375 1195 1440 omissio
1215 1379 1288 1440 ante
1311 1375 1454 1459 γνώμην,
1479 1374 1562 1458 quod

331 1466 366 1530 in
388 1466 513 1534 senario
536 1482 603 1528 non
625 1464 743 1530 liceret.

423 1572 496 1635 662.
518 1571 567 1636 De
590 1590 744 1656 personae
767 1573 1001 1655 permutatione
1024 1572 1064 1636 51.
1087 1571 1133 1638 ΡΙ.
1159 1573 1232 1636 375.
1258 1573 1331 1636 932.
1354 1569 1428 1654 Lys.
1451 1571 1527 1635 486.

422 1661 496 1726 663.
518 1660 574 1731 τὰς
601 1660 724 1774 αἰκίας]
757 1661 894 1744 Anglice
931 1662 1080 1726 actions
1117 1662 1176 1724 for
1208 1661 1366 1726 assault
1405 1658 1450 1723 01.
1474 1659 1562 1725 Deru.

332 1770 360 1834 p.
380 1752 474 1816 1153.
498 1750 612 1834 ἔλαχον
635 1751 723 1834 αύτῳ
708 1750 832 1833 δικην
846 1751 958 1822 αἰκίας
981 1749 1056 1833 layo.
1071 1751 1120 1816 Fr
1138 1753 1189 1814 27.
1213 1751 1329 1816 Athen
1348 1750 1441 1816 XIII
1454 1749 1562 1814 58613.

327 1839 550 1942 Yueper'dpct
552 1863 638 1924 ντῳ
662 1839 742 1904 κατὰ
765 1839 954 1904 Μαντιθέου
977 1841 1046 1904 οἰκ
1044 1863 1148 1911 ας
1172 1840 1247 1904 τάδε
1269 1839 1362 1954 λέγει,
1386 1844 1444 1906 515.
1488 1839 1563 1903 Gra·

333 1930 406 1994 vius
429 1930 550 1994 crimen
574 1903 641 1994 erdt
663 1930 789 2013 ὕβρεως
813 1931 929 2042 γραφή.
958 1927 1049 1994 Dem.
1072 1950 1101 2014 p.
1127 1931 1200 2012 525,
1227 1928 1323 1995 14.
1305 1954 1344 2013 ην
1368 1929 1386 1992 ὁ
1409 1936 1465 2012 τῆς
1487 1929 1562 2012 βλά-

331 2019 431 2102 γληςε
415 2025 489 2101 υμῖν
512 2019 612 2101 νόμος
635 2018 793 2093 πάλαι,
774 2043 814 2102 ην
838 2019 933 2102 ὁτῆς
961 2020 1096 2102 ὕβρεως.
1134 1980 1301 2084 Malim
1267 2043 1323 2089 τας
1346 2019 1465 2089 αι’κείας
1489 2019 1562 2099 (sio).

422 2126 495 2190 665.
520 2125 636 2192 01.Ρ1.
662 2127 756 2190 1128.
781 2128 867 2208 οἴμοι
892 2125 927 2190 δὲ
949 2126 1058 2209 κωλῆς
1081 2124 1119 2209 ής
1142 2125 1206 2208 ἐγὼ
1229 2126 1412 2209 κατήσθιον.
1438 2125 1532 2188 1130.

423 2216 495 2279 666.
520 2216 654 2298 φαύλως
677 2213 796 2298 οὕτως]
820 2216 915 2298 Angl.
940 2215 986 2280 So
1011 2215 1141 2296 easily.
1181 2215 1225 2280 01.
1250 2215 1290 2278 ad
1313 2215 1393 2279 Ach.
1418 2216 1491 2280 215.

423 2305 497 2368 668.
522 2303 567 2368 01.
583 2307 644 2368 Av.
661 2305 735 2370 492.
759 2306 790 2370 oi
814 2305 848 2368 δὲ
870 2305 1034 2388 βαδίζουσ’
1051 2305 1265 2376 ἀποδύσαντες
1284 2305 1419 2387 νύκτωρ.
1443 2304 1507 2368 497
1519 2324 1563 2386 sq.

336 2395 420 2460 1490
437 2413 483 2477 sq.
509 2395 581 2458 712.
605 2393 684 2458 Ron.
710 2395 783 2457 715.
812 2395 944 2478 antiph.
972 2396 999 2478 l,
1023 2397 1052 2478 2,
1077 2396 1106 2458 5.
1134 2395 1196 2458 ἔστι
1224 2394 1260 2458 δὲ
1288 2393 1373 2466 εἰκὸς
1396 2394 1480 2476 άωρλ
1501 2399 1564 2457 τῶν

334 2489 459 2548 νυκτῶν
479 2483 690 2566 πλανώμενον
706 2483 756 2547 ἐπὶ
771 2489 835 2556 τοῖς
850 2484 983 2567 ἱματίοις
1000 2484 1226 2567 διαφθαρῆναι.
1237 2482 1479 2548 111555551111.
1490 2485 1563 2546 414.

332 2580 387 2657 τῆς
410 2572 524 2644 νυκτὸς
546 2570 640 2646 οὗτος
662 2571 737 2646 τοὺς
759 2574 965 2646 ἀπαντῶντας
988 2574 1094 2658 ποιεῖ]
1115 2572 1257 2657 γυμνοὺς
1280 2574 1429 2644 ἅπαντας.

423 2682 496 2745 660.
522 2681 592 2746 οὔδ’
616 2683 656 2764 ήν
678 2679 739 2764 -]
764 2679 839 2746 Sub.
863 2681 1003 2765 ἐξέλθῃς.

422 2770 496 2835 670.
520 2771 550 2834 τί
570 2769 631 2854 γὰρ
654 2771 743 2854 αύτῷ
764 2775 898 2854 πρᾶγμα
921 2770 1114 2856 μάχεσθαις]
1139 2769 1184 2837 01.
1208 2770 1249 2836 ad
1274 2769 1369 2854 Vesp.
1395 2771 1467 2834 715.
1491 2770 1563 2834 462.

335 2860 411 2925 οὐδὲ
434 2860 549 2926 στένειν
570 2859 625 2924 τὸν
648 2860 773 2943 ὄρθρον
796 2861 838 2924 ἔτι
860 2860 983 2944 πρᾶγμ’
1007 2858 1071 2943 ἆρά
1093 2884 1166 2943 μοι,·

424 2950 488 3013 673
505 2968 552 3032 sq.
576 2948 617 3013 111
640 2950 692 3013 hic
715 2955 748 3013 et
765 2949 801 3012 in
816 2949 863 3012 Pl.
882 2951 954 3013 314.
978 2951 1077 3014 rideri
1093 2951 1260 3014 Platonem
1283 2955 1394 3014 censet
1408 2949 1563 3034 Bergkius

333 3040 373 3103 ad
396 3039 493 3104 Arist
517 3039 566 3102 Fr.
591 3039 633 3104 II.
659 3038 754 3103 1162.

425 3128 497 3191 676.
521 3128 706 3192 Notandum
736 3128 840 3194 πάντα
872 3148 891 3192 a
921 3130 1052 3194 nomine
1085 3149 1143 3192 suo
1177 3131 1366 3213 sejunctum.
1409 3127 1564 3192 Usitatius

334 3219 445 3284 fuisset
467 3218 580 3288 πάσας.
619 3216 804 3284 Tribunalia
830 3237 928 3304 prope
957 3219 1078 3300 omnia,
1106 3223 1143 3282 51
1169 3219 1324 3302 porticus,
1352 3223 1408 3282 aut
1435 3219 1470 3281 in
1498 3218 1562 3282 foro

335 3314 390 3373 aut
412 3327 509 3392 prope
531 3307 636 3371 iorum
661 3307 724 3374 sita
745 3307 845 3372 luisse
868 3307 1019 3373 credibile
1042 3312 1098 3372 est.

424 3415 498 3479 678.
520 3414 556 3478 τὸ
573 3452 615 3461 -
631 3416 722 3498 βῆμα
763 3413 866 3480 Schol.
890 3415 909 3478 δ
932 3415 1023 3485 λίθος
1038 3415 1071 3478 ἒν
1085 3423 1133 3498 τῴ
1149 3414 1350 3498 δικαστηρίῳ.
1375 3414 1422 3479 01.
1433 3413 1481 3478 ΡΙ.
1493 3415 1564 3478 382.

424 3504 498 3568 681.
521 3510 581 3568 ποῖ
598 3505 723 3588 τρέφεις
777 3505 927 3588 engone,
956 3509 992 3568 to
1021 3505 1119 3568 what
1147 3523 1211 3570 use
1240 3504 1319 3567 will
1353 3524 1428 3585 you
1455 3505 1564 3568 turn?

363 3593 597 3678 κληρωτήρια]
627 3592 670 3656 01.
694 3591 743 3658 Fr.
770 3594 843 3656 194.
876 3593 992 3658 Eubul.
1016 3593 1074 3657 ΙΙΙ.
1099 3594 1172 3658 241.
1200 3594 1404 3678 κληρωτήρια
1429 3629 1470 3640 -
1495 3593 1564 3657 κλε-

333 3685 469 3768 τγύδραι,
502 3683 609 3765 νόμοι,
645 3683 772 3766 γραφαί.
806 3682 849 3747 01.
874 3704 903 3747 v.
927 3684 1137 3766 πωλητήριον.
1191 3682 1294 3747 851151.
1318 3683 1373 3754 τὰς
1400 3683 1566 3766 κληρωτὰς

334 3775 435 3857 ἀρχάς
459 3772 506 3853 (τὰ
529 3771 712 3856 κληρωτικὰ
736 3772 844 3855 ἀγγεῖα
867 3771 898 3835 Τ.
921 3771 1146 3855 Halbertsma).

425 3863 499 3927 682.
523 3862 662 3946 στήσασα
686 3863 763 3945 παρ’
782 3862 963 3946 Ἁρμοδίῳ]
986 3860 1030 3925 01.
1054 3861 1128 3945 Lys.
1153 3861 1227 3925 635.
1250 3861 1308 3945 loq.
1330 3862 1403 3925 536.
1426 3861 1566 3926 θεᾶσθαι

335 3990 377 3999 -
401 3951 489 4036 παρὰ
512 3959 559 4034 τῷ
581 3951 736 4035 Διονύσῳ.

425 4061 498 4123 683.
522 4057 567 4121 01.
548 4057 637 4122 1.Ρ1
663 4059 736 4122 277.
759 4060 889 4123 Aristot.
912 4057 1004 4142 Resp.
1028 4059 1144 4122 Athen.
1168 4077 1193 4121 5.
1218 4057 1269 4122 63.
1293 4058 1433 4142 ἐπέθηκε
1456 4059 1566 4142 φέρων

336 4173 354 4213 ο
344 4149 602 4233 εύπηρέτηςφ
561 4146 613 4211 ἐ’
636 4149 770 4212 ἕκαστον
794 4146 1050 4236 δικαστήριον
1019 4172 1055 4211 το
1079 4148 1211 4232 γράμμα
1235 4146 1271 4211 τὸ
1273 4148 1401 4236 λαχόν.

426 4239 499 4301 684,
522 4261 596 4308 τους
629 4239 664 4302 ἐκ
697 4243 753 4302 τοῦ
785 4238 872 4323 βῆτ’]
906 4236 954 4300 So.
983 4238 1178 4321 γράμματος.
1218 4237 1261 4302 01
1286 4237 1431 4301 Ρ1.277.
1464 4238 1499 4300 ἐν
1531 4244 1566 4321 τῇ

336 4335 427 4431 σορῷ
441 4352 510 4392 νυνι
501 4327 625 4410 λαχὸν
641 4326 677 4392 τὸ
694 4328 827 4410 γράμμα
844 4351 903 4390 σου
921 4327 1066 4402 δικάζειν,
1083 4332 1140 4392 eto.
1159 4328 1254 4391 1185.
1309 4325 1436 4411 στοιδν]
1452 4326 1568 4392 Forma

336 4416 614 4501 5515551χροιὰ,
646 4416 733 4500 ῥοιά,
758 4422 815 4481 ete.
855 4414 898 4479 01.
922 4415 1012 4480 Dem.
1037 4437 1065 4500 p.
1091 4416 1209 4480 776.’
1192 4441 1227 4481 εν
1253 4422 1291 4500 τῇ
1317 4417 1467 4500 βασιλείῳ
1490 4423 1568 4499 στοᾷ

335 4508 538 4591 καθεζομένη
564 4508 593 4589 (ῆ
619 4507 654 4580 ἒξ
672 4507 794 4589 Ἀρείου
810 4506 917 4589 πάγου
940 4507 1061 4591 βουλή).
1086 4505 1334 4572 Paus.1.14.6.
1357 4505 1438 4590 ύπδρ
1463 4505 1499 4571 δὲ
1514 4505 1568 4570 τὸν
