3440 5196
646 492 967 538 nnnsnonnonnzusnn
1352 475 1414 536 291

282 654 354 716 563.
380 651 422 716 uf.
445 651 519 735 Lyn
543 654 617 715 477.
642 654 680 716 ού
704 652 764 736 γάρ
788 653 829 716 ἔτ’
853 653 966 716 ἀνεκτὰ
990 653 1064 716 τάδε
1087 652 1125 735 γ’.

282 744 354 804 564.
380 742 426 806 Of.
450 743 534 806 Ecol.
560 744 632 806 549.
656 743 753 824 ἀρρεν
777 741 837 824 γὰρ
861 744 945 806 ἐτεκε
967 742 1102 805 παιδίον.
1126 741 1199 825 LyS.
1226 743 1297 805 748.
1321 742 1418 824 ἄρρεν

190 833 324 896 παιδίον.
348 831 420 895 Pae.
446 833 540 895 1078.
568 831 669 914 τυφλὰ
698 833 795 895 τίκτει.
825 831 941 894 Herod.
965 831 1021 894 III.
1049 832 1120 894 108.
1144 833 1163 914 η
1189 831 1223 894 δὲ
1248 831 1287 913 δὴ
1311 831 1417 894 λέαινα

193 959 232 967 -
257 945 347 984 τικτει
370 944 411 984 εν.

187 1019 189 1024 ’
282 1011 354 1073 565.
378 1010 413 1073 τδ
437 1009 493 1073 σδν
517 1049 559 1056 -
583 1009 767 1094 θυγάτριον]
793 1010 838 1074 Of.
863 1009 945 1074 Men.
971 1011 1044 1073 428.
1067 1008 1188 1091 τούμὸν
1210 1009 1390 1092 θυγάτριον.

281 1100 353 1162 566.
378 1101 463 1163 ούτοι
485 1099 532 1181 μὰ
555 1100 600 1162 τὼ
624 1100 693 1162 ded
718 1098 756 1162 σὺ
780 1101 982 1180 καταπροίξει
1004 1099 1139 1181 λέγουσα
1162 1098 1264 1182 ταυτί]
1290 1098 1335 1162 uf.
1358 1098 1417 1181 Eq.

191 1191 264 1252 435.
289 1190 375 1252 ούτοι
397 1188 443 1270 μὰ
467 1189 523 1270 τὴν
541 1188 694 1270 Δήμητρα
718 1189 920 1271 καταπροίξει
942 1188 1075 1251 τάλαντα
1099 1188 1199 1251 πολλὰ
1223 1188 1352 1270 κλέφας.

282 1280 354 1341 567.
378 1277 539 1361 ποκάδας]
570 1278 613 1341 uf.
637 1278 765 1342 Theocr.
790 1279 827 1341 V.
853 1279 903 1340 26.
931 1279 975 1348 τίς
1001 1279 1109 1360 τρίχας
1136 1278 1200 1339 ἀντ’
1225 1277 1319 1360 ἐρίων
1342 1278 1416 1340 ἐπο·

190 1369 314 1444 κίξατο,·
354 1367 398 1431 Of.
421 1367 557 1436 κυνάδες
580 1368 717 1450 (Theoer.
741 1367 814 1430 XV.
841 1368 916 1446 lu),
940 1367 1103 1449 σφυράδες
1126 1366 1209 1449 (Pae.
1235 1366 1327 1444 790).

281 1458 354 1521 568.
377 1457 454 1539 λαβὲ
477 1456 656 1540 θοίμάτιον]
681 1455 728 1519 Oi.
751 1455 824 1538 Lys.
851 1457 944 1519 1093.
967 1457 1119 1538 ἄαίμάτια
1142 1455 1288 1538 λήψεσθ’.
1362 1456 1416 1518 Φι-

190 1547 292 1630 λίστη]
317 1545 564 1610 Of.Theocr.11.
583 1547 654 1608 145.
683 1545 826 1615 Φιλίστας
842 1583 884 1590 -
900 1551 955 1616 τᾶς
971 1547 1056 1628 ἀμᾶς
1075 1545 1268 1628 αὐλητρίδος.
1293 1544 1418 1609 Nomen

194 1637 337 1706 Φίλιστος
358 1636 475 1718 legitur
497 1635 576 1698 Poll.
600 1633 641 1697 X.
669 1635 740 1696 116.

282 1726 354 1788 569.
379 1725 589 1807 Abrumpitur
611 1743 728 1802 serm0,
752 1726 845 1788 utin
869 1723 962 1807 Vesp.
989 1724 1073 1786 1443
1090 1743 1135 1805 sq.

282 1815 354 1878 570.
378 1814 491 1897 χεσεῖν]
516 1813 632 1877 Contra
655 1813 765 1894 λείφσς
788 1833 844 1896 pro
869 1814 984 1877 usitato
1003 1813 1105 1876 λιπὼν
1121 1813 1204 1876 dixit
1218 1814 1418 1896 Antiphanes

189 1906 331 1968 comicus
355 1903 412 1966 III.
438 1904 487 1964 16.
527 1903 601 1984 Sed,
626 1904 659 1965 ni
683 1902 788 1985 fallor,
811 1903 1028 1985 reponendum
1051 1903 1148 1984 χέσαι.

282 1995 354 2055 572.
379 1991 611 2075 ἐσπουδακυῖα]
650 1992 694 2055 Cf.
732 1990 810 2054 Ran.
840 1993 913 2054 813.
950 1991 1183 2054 ἐσπουδάκωσι.
1221 1992 1315 2074 Vesp.
1345 1992 1417 2054 694.

189 2082 439 2146 ἐσπουδάκατον.
468 2081 551 2144 Men.
575 2081 630 2143 IV.
656 2081 729 2144 245.
758 2081 821 2163 ἐγὼ
848 2081 909 2162 μὲν
938 2081 1099 2162 δεικνύω]
1125 2081 1336 2150 ἐσπουδακὼς
1359 2086 1417 2144 ete.

236 2171 337 2254 ὁμοῦ]
370 2171 500 2253 Prope.
540 2170 585 2234 df.
614 2170 697 2234 Xen.
725 2172 787 2233 An.
815 2169 870 2234 IV.
900 2172 927 2232 6.
953 2172 1003 2233 24.
1036 2169 1110 2253 πρὶν
1143 2170 1178 2233 δὲ
1209 2171 1307 2252 ὁμοῦ
1341 2169 1418 2234 εἶναι

188 2261 264 2332 τοὺς
286 2260 425 2330 πολλοὺς
447 2259 592 2342 ἀλλήλων
615 2265 672 2323 eto.

282 2352 354 2413 574.
378 2353 534 2435 ξυγγενεῖς
560 2349 682 2430 τούμοῦ
714 2349 850 2433 τρόπου]
885 2349 930 2413 Of.
953 2350 1011 2431 uq.
1036 2350 1109 2412 255.
1142 2349 1296 2432 φράτερες
1322 2373 1416 2432 τριω-

189 2441 300 2524 βόλου.
324 2439 402 2503 Plat.
426 2439 544 2502 Phaed.
568 2458 596 2521 p.
623 2439 696 2512 195.Ι
717 2444 773 2501 τοῦ
797 2439 917 2520 δνητοῦ
942 2440 1084 2520 ξυγγενῆ.

282 2530 354 2591 575.
379 2529 424 2591 ὅτι
451 2527 511 2609 μὲν
540 2528 630 2610 φίλος
659 2529 719 2610 εἴμ’
747 2528 821 2610 ύμῖν
845 2529 929 2611 vulg.
968 2526 1052 2611 Lege
1080 2527 1125 2590 ὅτι
1148 2527 1207 2609 μὲν
1230 2528 1322 2611 φίλος
1343 2529 1418 2610 ὑμῖν

190 2619 252 2702 εἴμ’
278 2655 333 2679 -.
373 2615 418 2680 Of.
434 2615 491 2699 Eq.
510 2618 604 2680 1257.
629 2617 703 2698 ἐμοί
724 2617 760 2680 δέ
782 2617 811 2699 γ’
834 2618 896 2680 ὅτι
919 2641 968 2680 σοι
991 2617 1121 2698 τοῦνομ’
1145 2617 1204 2678 εἴπ’
1228 2618 1308 2698 (sub.
1332 2617 1417 2698 ἐστί).

189 2709 218 2773 N
223 2709 274 2772 ub.
301 2708 394 2770 1096.
427 2707 573 2789 ὁπότεροι
604 2706 731 2776 πλείους
762 2705 881 2769 σκόπει.
914 2706 1048 2771 Philem.
1074 2707 1129 2788 10,
1155 2707 1182 2768 1.
1215 2712 1272 2769 νῦν
1302 2705 1331 2768 δ’
1356 2705 1417 2770 οἷδ’

190 2799 335 2882 ἀκριβῶς
361 2796 418 2878 τὴν
449 2797 546 2878 τύχην
578 2795 625 2866 ὡς
654 2797 692 2859 οὐ
724 2797 789 2878 μία.
822 2797 937 2859 Aeseh.
962 2799 1021 2879 Ag.
1045 2797 1118 2858 445.
1151 2795 1291 2858 στένουσι
1325 2796 1353 2859 δ’
1382 2794 1418 2859 εὖ

188 2889 330 2971 λέγοντες
353 2885 454 2968 ἄνδρα
478 2885 531 2948 τὸν
553 2885 613 2967 μέν
636 2886 682 2955 ὡς
704 2886 811 2967 μάχης
834 2885 914 2968 ἴδρις
937 2885 1016 2967 (sub.
1040 2884 1124 2966 ἐστὶ),
1147 2883 1247 2958 τόνδ’
1264 2923 1319 2946 -.
1343 2885 1417 2948 490.

188 2977 258 3060 τάχ’
283 2974 443 3057 εῖσόμεσο’
468 3011 509 3020 —-
534 2973 586 3036 εἴτ’
615 2973 672 3037 οὖν
700 2974 828 3056 ἀληθεῖς
852 2975 905 3056 (se.
930 2975 996 3055 εἰσὶ)
1021 2980 1077 3038 etc.
1106 2974 1180 3036 496.
1203 2980 1359 3056 μαρτυρεῖ
1383 2974 1419 3037 δέ

189 3091 246 3149 μοι
263 3103 304 3112 -
322 3065 368 3134 ὡς
392 3065 456 3127 οὔτ’
475 3064 615 3133 ἄναυδος
630 3067 683 3143 (se.
700 3064 793 3144 ἔσται)
810 3069 869 3128 ete.
896 3064 989 3126 1399.
1013 3064 1224 3144 θαυμάζομέν
1240 3086 1298 3125 σου
1315 3063 1417 3145 γλῶσ-

190 3180 249 3220 σαν
265 3155 312 3224 ὡς
328 3154 552 3236 θρασύστομος
576 3156 628 3233 (sc.
652 3153 736 3232 ἐστί).
763 3154 856 3215 1464.
880 3152 956 3235 μηδ’
982 3154 1024 3222 εἷς
1042 3151 1172 3234 Ἑλένην
1195 3153 1289 3215 κότον
1312 3153 1417 3235 ἐκτρέ-

189 3269 257 3328 φης
277 3244 281 3328 ]
303 3243 349 3313 ὡς
373 3241 588 3325 ἀνδρόλέτειρ’.
612 3239 694 3325 Sept.
713 3243 785 3304 175.
811 3242 930 3315 δείξαθ’
950 3243 997 3311 ὡς
1015 3241 1203 3324 φιλοπόλεις.
1220 3239 1314 3324 Soph.
1332 3240 1367 3305 Ο.
1384 3241 1417 3305 C.

192 3335 287 3402 1096.
311 3332 366 3396 τδν
381 3332 503 3395 σκοπὸν
525 3331 585 3413 μὲν
609 3332 669 3394 ούκ
702 3332 782 3414 ἐρεῖς
814 3331 860 3402 ὡς
892 3331 1113 3413 ψευδόμαντις.
1149 3333 1199 3413 Aj.
1225 3331 1296 3393 118.
1330 3331 1417 3413 ὁρᾷς,

184 3423 357 3494 Ὀδυσσεῦ,
380 3421 436 3504 τὴν
458 3421 547 3484 θεῶν
569 3420 659 3503 ἶσχδν
682 3421 741 3503 ὅση
759 3422 810 3504 (sc.
827 3421 914 3501 ἐστί).
938 3420 1013 3484 Eur.
1029 3419 1201 3501 Fr.890,1.
1225 3419 1281 3501 τὴν
1299 3419 1417 3502 Ἀφρο-

191 3514 278 3596 δίτην
307 3512 367 3593 οὐχ
395 3511 474 3593 ὁρᾷς
501 3511 559 3593 όση
588 3509 681 3586 δεός;
708 3509 835 3573 Theocr.
859 3510 934 3574 XII.
960 3513 1010 3572 37.
1038 3508 1156 3591 χρυσὸν
1181 3546 1222 3553 -
1246 3508 1418 3572 πεύδονιαι

189 3597 235 3686 μὴ
254 3600 377 3684 φαῦλος
397 3602 449 3679 (sc.
466 3599 556 3678 ἐστὶν)
573 3599 726 3681 ἐτήτυμον
742 3600 983 3682 ἀργυραμοιβοί.
1023 3598 1165 3662 Verbum
1182 3597 1418 3661 substantivum

190 3692 320 3754 additur
342 3690 437 3752 Arist.
454 3689 503 3752 Fr.
521 3690 594 3751 203.
618 3689 665 3758 ὡς
679 3688 739 3770 μὲν
755 3689 815 3771 γάρ
834 3691 890 3751 εἶσι
911 3688 1050 3770 νήστιδες
1066 3688 1261 3769 γιγνώσκετε.
1286 3692 1317 3750 et
1333 3687 1418 3750 alibi.

236 3778 297 3863 εἴμ’
322 3778 470 3861 ἐπίδηλος
487 3777 547 3861 -]
573 3777 616 3841 uf.
640 3777 698 3860 Eq.
724 3778 796 3840 661.
820 3778 964 3841 κλέπτων
988 3777 1093 3858 δήπου
1119 3777 1171 3840 ’στ’
1195 3776 1351 3858 ἐπίδηλος.

282 3869 354 3932 578.
379 3868 475 3950 ὀλίγῳ
498 3891 525 3930 τι
547 3866 714 3950 πρότερον]
739 3867 783 3930 Ut
806 3867 975 3950 aliquoties
999 3865 1083 3949 apud
1106 3864 1314 3929 Herodotum.

284 3959 357 4020 581.
381 3956 572 4040 ἀφράκτοις]
601 3956 644 4020 uf.
668 3955 743 4018 Eur.
768 3956 864 4040 Hipp.
890 3957 962 4019 657.
991 3957 1020 4018 εἰ
1043 3955 1088 4037 μὴ
1114 3954 1174 4036 γὰρ
1198 3954 1307 4037 ὅρκοις
1330 3955 1419 4018 deur

191 4049 357 4131 ἄφρακτος
379 4047 510 4130 ᾑρέθην.
535 4046 627 4129 Soph.
651 4047 700 4128 Aj.
719 4046 791 4108 910.
816 4046 980 4127 ἄφρακτος
1003 4045 1114 4127 φίλων.
1152 4044 1215 4108 Per
1238 4044 1420 4126 ἀφύλακτος

191 4137 331 4220 explicat
354 4135 544 4218 Hesychius.
612 4140 744 4217 πρᾶγμα
770 4133 872 4198 δεινόν
895 4134 949 4197 καὶ
970 4133 1069 4217 μέγα]
1094 4132 1139 4196 Of.
1163 4132 1236 4196 Pac.
1260 4134 1334 4196 403.

283 4227 356 4288 582.
381 4223 425 4287 uf.
450 4225 544 4308 Vesp.
570 4224 664 4286 1297.
697 4225 725 4286 τί
748 4223 776 4286 δ’
800 4223 889 4296 ἐστὶν,
922 4221 1047 4299 ainai·
1078 4222 1176 4285 παῖδα
1210 4221 1285 4304 γάρ,
1314 4220 1419 4306 κῆνῇ

192 4317 305 4399 γέρων,
327 4314 332 4397 Ι
351 4314 457 4377 καλεῖν
481 4313 603 4376 δίκαιον
626 4314 708 4382 ὅστις
731 4315 770 4376 ἄν
793 4313 915 4396 πληγὰς
937 4313 1028 4395 λάβῃ.
1067 4311 1254 4394 Euripidem
1277 4312 1327 4374 his
1350 4330 1420 4374 ver-

191 4405 281 4468 ¹sibus
303 4403 402 4466 rideri
425 4407 643 4486 cognoverunt
658 4403 806 4466 Fritzsch.
831 4409 863 4467 et
881 4402 1002 4466 Nauck.
1041 4400 1089 4466 De
1112 4401 1189 4484 ipsis
1205 4400 1311 4465 verbis
1326 4399 1419 4462 Euri-

190 4494 275 4579 pidis
298 4511 365 4558 non
386 4492 497 4575 liquet.

283 4582 355 4646 590.
379 4580 527 4664 ἄφευσεν]
552 4579 763 4646 Scribendum
786 4582 937 4664 ἄφηυσεν.

1142 4686 1205 4749 19*
