3382 5194
714 393 838 449 rennes
1328 378 1391 440 119

252 549 325 612 687.
349 550 486 634 ῥήμασίν
509 550 543 614 θ’
567 551 726 636 αῖμύλοις]
752 551 795 615 01.
820 551 914 616 Ηουι.
940 552 998 616 0d.
1023 554 1051 635 1,
1073 554 1122 616 56.
1147 553 1206 618 αἰεὶ
1231 553 1266 618 δὲ
1288 555 1390 637 μαλα-

154 645 243 702 κοῖσι
266 639 319 702 καλ
342 640 509 722 αἱμυλίοισι
533 640 651 723 λόγοισι
673 642 676 721 Ι
697 642 810 722 θέλγει.

252 730 324 792 697.
348 730 569 812 ἀπεπυδάρισα
601 731 758 813 μόθωνα]
792 730 895 794 Schol.
929 731 1023 796 Hom.
1051 732 1088 795 Ii.
1119 735 1174 806 22,
1201 734 1273 797 391.
1306 736 1326 816 ἡ
1357 734 1392 798 δὲ

157 818 266 900 ἁπαλὴ
300 819 430 902 ὄρχησις
465 819 584 901 μόθων
616 821 669 883 καὶ
701 820 879 903 βαυκισμὸς
905 859 945 866 -
974 827 1037 892 τοῖς
1068 822 1225 905 μαλακοῖς
1258 823 1390 887 δέδοται.

156 906 205 970 Of.
232 928 259 970 v.
285 909 518 992 διαπυδαρίζειν
542 909 712 992 ΙΗαεγαλτΙ.

253 999 323 1061 707.
347 998 397 1061 έπλ
419 1007 466 1081 τῴ
488 999 604 1081 φάγοις
620 999 695 1082 -,·]
721 999 766 1063 01.
785 998 897 1082 Eupel.
916 1001 988 1063 255.
1013 1001 1176 1083 ἐπιφαγεῖν
1198 1000 1301 1084 μηδὲν
1324 1002 1391 1066 ἀλλ’

154 1089 178 1168 ἢ
203 1087 375 1170 κρόμμυον
395 1087 400 1172 Ι
420 1088 553 1152 λέποντα
577 1089 631 1152 καὶ
652 1095 733 1170 τρεῖς
756 1089 909 1172 ἁλμάδας.

252 1179 324 1241 718.
348 1177 565 1260 κατέσπακας]
590 1178 772 1242 Perfectum
789 1178 1037 1244 consuetudinis.
1072 1178 1116 1243 01.
1131 1179 1264 1263 Antiph.
1276 1181 1348 1262 204,
1362 1182 1390 1242 3.

154 1266 302 1330 πλεῖστον
325 1268 515 1351 ἡμάρτηκεν.
542 1268 569 1329 7.
588 1269 615 1330 8.
632 1268 800 1331 Anaxnnd.
819 1269 869 1332 34.
894 1268 986 1332 Alex.
1005 1270 1077 1331 257.
1101 1268 1262 1353 Theophil.
1280 1272 1309 1332 4.

252 1357 323 1418 727.
347 1357 606 1441 περιυβρίζομαι]
636 1357 680 1421 cf.
705 1357 822 1421 Herod.
845 1357 900 1421 IV.
928 1359 999 1421 159.
1028 1359 1304 1442 περιυβριζόμενοι
1327 1359 1390 1423 ἀπὸ

155 1450 224 1517 τῶν
247 1445 450 1529 Κυρηναίων.
474 1445 569 1530 Vesp.
597 1448 690 1510 1319.
714 1447 767 1510 Th.
793 1447 866 1510 535.

251 1535 322 1597 750.
346 1531 552 1620 καθιζοίμην]
577 1535 660 1618 Lege
682 1536 890 1619 καθεζοίμην.

251 1625 323 1687 751.
347 1626 389 1695 εἰς
421 1624 456 1688 τὸ
489 1624 630 1710 πρόσθε]
664 1625 708 1689 01.
733 1625 864 1689 Lucinn.
889 1627 941 1706 52,
965 1626 1016 1687 36.
1050 1626 1153 1689 οὐκέτι
1187 1624 1248 1709 γὰρ
1281 1628 1324 1698 εἷς
1355 1627 1391 1692 τὸ

156 1715 293 1797 ἀρχαῖον
317 1714 384 1778 υίόν
407 1716 440 1778 τέ
466 1738 522 1797 μοι
546 1715 631 1797 ἀγειν
655 1715 739 1778 αὐτό.
769 1714 900 1778 Lueian.
925 1713 1031 1778 Somn.
1058 1715 1107 1778 19.
1135 1716 1334 1797 ἐγυναικίζου
1358 1717 1391 1786 ές

154 1804 193 1867 τὸ
217 1805 281 1868 ἔται
304 1804 380 1868 ικόν.
1490 1802 1497 1816 '

250 1827 322 1957 7596.
346 1899 403 1957 νῦν
427 1894 466 1976 δὴ
492 1893 551 1977 -Ι
577 1891 620 1957 01.
644 1893 738 1976 Vesp.
764 1894 837 1956 526,
861 1893 946 1958 Εοολ.
972 1894 1045 1956 571.

249 1984 322 2046 757.
347 1981 390 2045 01.
414 1982 506 2046 Alex.
530 1982 588 2047 III.
613 1985 687 2046 423.
719 1983 754 2046 τὸ
787 1982 876 2065 στόμ’
909 1984 956 2053 ῶς
987 1982 1121 2065 κομφὸν
1144 1989 1246 2066 φορεῖ.
1275 1985 1389 2048 Aesch.

155 2073 206 2136 Fr.
233 2074 306 2154 258,
333 2074 359 2135 1.
393 2073 432 2136 οὐ
455 2071 516 2155 χρὴ
545 2073 682 2156 ποδώκη
712 2072 766 2137 τὸν
788 2073 908 2154 τρόπον
931 2073 999 2135 λίαν
1023 2079 1142 2155 φορεῖν.
1171 2073 1259 2157 Trng.
1284 2074 1389 2157 adesp.

158 2163 232 2225 182.
261 2161 311 2244 μί’
335 2162 474 2244 εὐγένεια
506 2161 560 2225 τὸν
591 2163 711 2244 τρόπον
743 2161 881 2245 χρηστὸν
914 2168 1033 2244 φορεῖν.
1067 2161 1161 2244 Soph.
1185 2161 1235 2225 Fr.
1262 2162 1336 2245 669,
1361 2166 1389 2226 2.

154 2257 247 2332 σιγᾶν
272 2252 410 2334 ἀνάγκη,
433 2253 494 2315 κᾶν
518 2252 587 2334 (scr.
611 2253 684 2334 κῆν]
707 2251 806 2315 καλὸν
829 2253 912 2334 φέρῃ
937 2251 967 2332 (l.
992 2250 1091 2334 φορῇ)
1115 2251 1225 2333 στόμα.

249 2341 322 2403 760.
345 2340 460 2425 πολὺς]
486 2341 531 2405 cf.
555 2340 645 2404 Dem.
670 2340 709 2403 de
734 2339 803 2404 Cor.
830 2341 901 2403 136.
935 2341 1170 2422 θρασυνομένῳ
1202 2340 1257 2404 καὶ
1279 2341 1391 2424 πολλῷ

155 2431 260 2511 ῥέοντι
283 2430 360 2494 καθ’
388 2431 482 2512 ὑμῶν
511 2431 571 2493 οὐκ
600 2429 665 2504 εἶξα
694 2431 763 2494 οὐδ’
787 2431 991 2513 ὑπεχώρησα.
1022 2430 1133 2493 Aeson.
1159 2429 1242 2514 Sept.
1268 2431 1318 2493 80.
1343 2432 1394 2513 ῥεῖ

154 2519 257 2590 πολὺς
281 2517 347 2584 ὧδε
370 2519 458 2590 λεώς.
482 2518 560 2583 Hor.
585 2518 647 2583 Sat.
670 2519 694 2582 Ι.
721 2521 748 2581 7.
774 2522 824 2583 28.
849 2519 944 2584 ‘salso
970 2519 1132 2602 multoque
1155 2519 1288 2584 fluenti)

249 2610 321 2672 764.
346 2609 390 2673 01.
420 2610 493 2672 831.
522 2611 595 2672 873.
629 2609 700 2691 Lys.
730 2629 755 2672 ο.
779 2611 875 2692 Ager.
901 2611 929 2671 2.
967 2609 1087 2690 ἄνδρας
1119 2609 1212 2679 ὄντος
1244 2609 1390 2691 ἀγαθοὺς

154 2699 227 2780 περὶ
249 2698 286 2761 τὸ
309 2698 436 2771 πλῆθος
457 2697 493 2761 τὸ
516 2700 676 2781 ὑμέτερον.
701 2697 791 2764 Dem.
814 2718 843 2782 p.
869 2699 941 2760 742.
967 2698 1070 2780 ἀνδρα
1093 2699 1231 2782 χρηστὸν
1253 2699 1308 2762 καλ
1332 2700 1388 2782 δη-

154 2787 289 2870 μοτικὸν
312 2787 366 2851 καί
388 2787 461 2870 περὶ
482 2787 518 2851 τὸ
541 2789 667 2870 πλῆθος
689 2787 724 2851 τὸ
748 2788 901 2870 ὑμέτερον
924 2786 1025 2850 πολλὰ
1049 2787 1281 2852 σπουδάσαντα.

248 2878 320 2940 765.
345 2876 471 2942 Nomen
503 2876 711 2960 Σαλαβακχὼ
745 2878 922 2941 derivatum
954 2877 1060 2940 forsan
1089 2896 1131 2940 ex
1160 2877 1282 2960 σαλάβη
1307 2878 1337 2960 (i.
1362 2897 1388 2942 e.

156 2967 245 3050 ὀπή).
286 2965 403 3030 Confer
425 2987 453 3028 v.
478 2967 667 3049 βορβορόπη
692 2968 722 3049 (i.
746 2987 772 3031 e.
797 2967 967 3044 meretrix).

248 3056 320 3119 768.
345 3055 389 3119 01.
415 3055 504 3119 Orac.
528 3054 639 3136 Sibyll.
661 3057 757 3136 8,14.
782 3055 844 3138 ὀφέ
867 3056 957 3119 θεῶν
981 3055 1106 3118 ἀλέουσι
1128 3056 1238 3138 μύλαι,
1262 3056 1389 3120 ἀλέουοι

156 3145 190 3209 δὲ
223 3145 328 3208 λεπτά.
397 3144 554 3229 λέπαδνα]
589 3145 633 3208 01.
662 3146 776 3210 Aesch.
805 3148 864 3228 Ag.
890 3145 962 3206 218.
996 3145 1062 3208 ἐπεὶ
1091 3144 1120 3208 δ’
1154 3146 1295 3227 ἀνάγκας
1332 3146 1388 3209 ἔδυ

154 3235 322 3298 λέπαδνον.
416 3236 488 3297 771.
512 3233 778 3318 κατακνησθείην]
804 3233 848 3298 Of.
874 3234 968 3316 Vesp.
995 3235 1067 3297 965.
1091 3234 1164 3297 966.

247 3325 320 3386 772.
345 3323 390 3387 cf.
415 3323 545 3387 Lucian.
570 3323 679 3388 Herm.
705 3326 755 3387 73.
780 3324 879 3387 εἷλκεν
902 3324 987 3405 ὑμᾶς
1009 3329 1064 3406 τῆς
1087 3323 1181 3405 ῥινός.

247 3413 320 3475 780.
345 3413 416 3495 οὐχὶ
439 3412 524 3496 φιλεῖ
543 3412 571 3477 α’
595 3449 640 3458 -
663 3412 730 3476 ἀλλ’
753 3413 789 3497 ἢ]
824 3411 866 3474 01.
892 3412 1024 3476 Philem.
1050 3414 1079 3494 2,
1104 3416 1132 3476 4.
1167 3413 1242 3476 οὐδὲ
1270 3413 1388 3495 μικρὸν

155 3503 322 3585 (διαφέρει)
346 3501 456 3584 ἀλλ’ἢ
481 3503 624 3585 σχήματι.

247 3593 320 3655 783.
345 3592 550 3675 σκληρῶς-
570 3592 769 3677 καθήμενον]
795 3590 839 3655 01.
865 3591 981 3655 Gratin.
1007 3591 1080 3653 269.
1104 3591 1268 3675 Hermipp.
1290 3593 1342 3674 54,
1359 3594 1387 3654 2.

155 3681 273 3745 Contra
295 3681 451 3763 μαλακῶς
473 3683 640 3765 καθῆσθαι
664 3683 743 3745 Aeh.
770 3682 818 3744 70.
842 3681 900 3762 Eq.
926 3681 998 3743 785.

247 3771 319 3834 784.
345 3772 404 3853 οὐχ
437 3771 546 3853 ῶσπερ
580 3770 644 3852 ἐγὼ
670 3771 728 3855 -]
763 3769 946 3834 01101551.
971 3771 1027 3850 42,
1054 3771 1080 3831 1.
1114 3771 1160 3840 ὡς
1193 3769 1222 3833 δ’
1256 3771 1388 3834 ἐδείπνει

153 3861 314 3943 κοσμίως,
335 3859 340 3941 Ι
361 3861 421 3942 οὐχ
449 3861 558 3942 ὥσπερ
583 3861 673 3923 άλλαι
695 3897 740 3905 -
763 3862 890 3924 ἔσαττον
917 3857 972 3928 τὰς
1000 3859 1141 3939 γνάθους
1166 3865 1223 3923 etc.
1291 3860 1386 3943 τουτί]

153 3950 201 4013 Se.
225 3949 262 4012 τὸ
285 3950 465 4032 ὑπηρέσιον.
509 3947 552 4012 01.
577 3950 738 4034 Hermipp.
764 3952 814 4012 54.
844 3949 991 4014 Cratinus
1021 3949 1108 4029 (269)
1136 3948 1225 4018 ι’δίως
1248 3973 1386 4031 προσκε-

153 4039 292 4122 φάλαιον
315 4039 349 4102 id
373 4039 550 4123 appellavit.

247 4130 319 4192 785.
343 4127 399 4211 τὴν
422 4131 456 4192 έν
471 4127 644 4212 Σαλαμῖνι]
669 4126 743 4191 8α5.
760 4129 926 4202 ἕλάοαοαν,
943 4130 1202 4212 ναυμαχήσαοαν,
1227 4133 1281 4190 aut
1299 4131 1386 4210 νική-

154 4242 263 4282 σασαν.
293 4217 339 4282 01.
355 4217 451 4282 Isoer.
470 4218 558 4281 59B.
587 4219 704 4300 ζηλοῦν
731 4217 787 4300 τὴν
810 4219 901 4282 πόλιν
924 4226 979 4301 τῆς
1002 4221 1035 4282 ἒν
1058 4218 1215 4299 Σαλαμῖνι
1237 4217 1352 4300 μάχης.

246 4309 319 4371 791.
344 4307 492 4389 περὶτῆς
520 4308 662 4390 κεφαλῆς
685 4306 891 4391 περιδόσθαι]
921 4308 965 4372 01.
989 4307 1073 4371 Nub.
1099 4308 1171 4369 644.
1195 4305 1288 4390 Diph.
1316 4309 1387 4370 130.

246 4398 319 4461 792.
342 4397 543 4480 πιθάκναισι]
578 4397 623 4461 Of.
656 4396 723 4461 Ion.
753 4402 830 4479 trag.
857 4399 911 4478 10,
938 4399 964 4458 1.
1003 4398 1038 4460 ἐκ
1063 4397 1192 4470 ζαθέων
1215 4397 1387 4460 πιθακνῶν

153 4488 332 4571 ἀφύσαντες
356 4487 467 4556 ὄλπαις
488 4486 492 4569 Ι
513 4485 599 4550 οἶνον
624 4524 678 4548 -.
