3382 5194
332 385 395 450 128
857 402 1036 451 mmmm

422 564 462 625 32
480 583 524 646 sq.
549 562 593 626 01.
617 563 693 626 Eur.
717 562 783 646 Iph.
807 561 838 626 Τ.
859 563 952 626 1057.
976 563 1030 626 καὶ
1053 561 1126 645 τᾶμ’
1150 563 1184 625 ἐν
1207 563 1282 644 ὑμῖν
1305 565 1325 645 ἢ
1349 562 1456 632 καλῶς
1477 563 1546 644 ἔχειν

331 655 350 734 ἢ
374 652 476 735 μηδὲν
500 651 654 716 εἶναικαὶ
678 652 869 735 στερηθῆναι
892 653 1021 735 πάτρας.
1050 651 1168 716 Herod.
1194 651 1249 714 VI.
1275 651 1346 714 109.
1376 654 1410 714 έν
1433 650 1480 714 σοὶ
1500 657 1548 714 νῦν

330 743 392 804 ἐστι
424 745 443 824 ἢ
477 741 720 804 καταδουλῶσαι
753 741 892 812 Ἀθάνας
924 745 944 825 ἢ
974 748 1031 806 ete.
1064 740 1137 823 Lys.
1161 761 1190 824 p.
1217 741 1289 822 178,
1313 743 1341 803 4.
1377 741 1493 803 ὁπόταν
1522 741 1550 803 έν

329 833 488 914 χρήμασιν
511 830 532 914 ᾖ
555 831 609 894 καὶ
633 831 779 913 σωθῆναι
802 838 839 915 τῇ
862 831 951 894 πόλει
974 831 1028 894 καί
1049 833 1104 913 μῆ.
1128 830 1261 894 Lucian.
1280 829 1363 894 Pise.
1381 832 1431 892 23.
1456 831 1487 892 ἐν
1509 829 1553 892 σοὶ

329 921 366 983 τὰ
390 921 491 984 πάντα
508 923 603 1003 ῆμῶν
618 925 676 984 νῦν
691 920 903 984 κινδυνεύεται
919 924 938 1002 ἢ
956 921 1128 1003 σεμνότατα
1146 919 1238 993 δόξαι
1260 923 1280 1002 ἢ
1296 925 1422 983 τοιαῦτα
1439 943 1553 982 πιστευ-

330 1011 427 1093 θῆναι
450 1009 501 1074 οἷα
526 1007 619 1081 οὗτος
642 1010 794 1093 ἀπέφηνε.
818 1010 945 1076 Helied.
969 1010 993 1072 I.
1019 1011 1047 1072 2.
1071 1013 1106 1074 ἐν
1129 1010 1179 1073 σολ
1201 1009 1238 1072 τὰ
1262 1008 1324 1092 έμὰ
1342 1009 1557 1084 -σώζεσθαί

331 1099 440 1163 τεκαὶ
462 1101 517 1182 μῆ.
542 1099 613 1162 VII.
638 1101 689 1162 21.

421 1189 471 1251 32.
495 1188 557 1272 ῶς]
583 1188 628 1252 01.
652 1189 726 1252 499.
751 1187 834 1251 Nub.
860 1189 932 1252 209.
958 1189 1031 1252 326.
1056 1194 1088 1252 et
1111 1189 1151 1252 ad
1174 1188 1255 1253 Aah.
1273 1189 1348 1252 335.
1366 1189 1439 1252 499.
1507 1194 1558 1270 τῆς

330 1277 455 1349 πόλεως
477 1278 514 1341 τὰ
538 1277 725 1361 πράγματα]
760 1277 802 1340 01.
827 1277 873 1342 Pl.
900 1278 972 1341 919.
1005 1279 1177 1361 πράγματα
1206 1276 1243 1340 τὰ
1269 1284 1324 1360 τῆς
1347 1277 1480 1347 πόλεως.
1504 1276 1558 1360 Εη.

335 1368 406 1430 130.
431 1369 467 1438 ὃς
489 1373 617 1451 πρῶτος
640 1369 701 1441 ἕξει
724 1374 778 1451 τῆς
801 1368 927 1438 πόλεως
949 1367 985 1430 τά
1009 1369 1189 1451 πράγματα.
1666 1363 1667 1384 ’

421 1459 471 1521 36.
495 1458 592 1540 άφελε
615 1456 669 1527 τὰς
697 1457 845 1541 ἐγχέλεις]
880 1457 924 1521 01.
949 1456 1021 1522 Pae.
1047 1458 1120 1520 454.
1153 1456 1250 1540 ἄφελε
1281 1455 1316 1520 τὸ
1349 1456 1463 1531 παιὼν,
1496 1455 1557 1518 ἀλλ’

330 1547 360 1630 ἰὴ
384 1547 487 1630 μόνον
509 1548 585 1629 λέγε.

421 1637 471 1700 37.
496 1637 556 1700 οὑκ
589 1635 874 1719 ἐπιγλωττήσομαι]
908 1636 934 1699 Ι.
959 1655 985 1699 e.
1018 1637 1057 1699 οὑ
1089 1636 1315 1719 βλασφημήσω
1348 1635 1475 1718 (Phot.).
1514 1634 1556 1698 01.

330 1727 445 1790 Aeseh.
470 1726 573 1789 Prom.
599 1726 672 1789 928.
697 1725 735 1790 σὺ
759 1725 823 1809 θὴν
847 1727 867 1788 ἃ
891 1726 1029 1810 χρῄζεις,
1052 1725 1136 1790 ταῦτ’
1161 1726 1342 1808 ἐπιγλωσσᾷ
1363 1724 1438 1795 Διός
1462 1724 1556 1808 (Aee).

332 1813 406 1879 0110.
433 1816 528 1878 1046.
551 1815 629 1899 μηδ’
653 1815 841 1898 ἐπιγλωσσῶ
864 1816 958 1878 κακά.

421 1906 471 1968 38.
495 1904 690 1989 ὑπονόησον]
724 1904 768 1968 01.
794 1906 889 1967 1234.
927 1904 972 1967 Pl.
999 1906 1071 1968 361.
1104 1905 1198 1970 Alex.
1224 1905 1297 1987 267,
1323 1905 1351 1967 6.
1385 1904 1423 1967 οὑ
1460 1904 1558 1977 δείξας
1668 1961 1669 1974 ,

331 2000 445 2077 σαφῶς
465 1994 470 2078 1
490 1996 596 2070 ποίας,
626 1996 722 2064 ἐάσας
746 1992 774 2058 δ’
798 1995 946 2058 ὑπονοεῖν
969 1995 1012 2064 εἰς
1036 1994 1072 2074 (1.
1096 1994 1288 2077 ὑπονοῆσαι)
1311 1994 1464 2076 τοῦνομα.
1487 1992 1558 2058 Eur.

330 2084 397 2167 Iph.
421 2085 460 2148 A.
487 2085 581 2148 1132.
605 2085 752 2154 ὑπονοεῖς
775 2086 795 2146 ἃ
818 2086 864 2167 μή
889 2108 924 2147 σε
946 2085 1017 2167 χρῆ.

420 2175 472 2236 42.
497 2172 542 2237 01.
567 2174 640 2237 830.
668 2173 758 2236 πόλλ’
787 2175 826 2236 ἂν
854 2175 892 2236 al
919 2179 1095 2255 γυναῖκες
1123 2175 1231 2256 ῆμεῖς
1259 2173 1292 2236 ἐν
1321 2173 1392 2256 δίκη
1421 2173 1557 2256 μεμψαί-

331 2263 407 2345 μεθ’
440 2265 488 2326 άν.
522 2264 600 2326 Ach.
627 2264 699 2326 753.
732 2264 761 2325 τί
792 2262 821 2326 δ’
850 2263 926 2326 ἄλλο
959 2263 1108 2346 πράττεθ’
1138 2265 1169 2327 οί
1191 2262 1348 2345 Μεγαρῆς
1371 2269 1444 2338 νὺν;
1470 2264 1558 2326 1184.

331 2351 422 2422 ὅπως
445 2355 484 2415 ἂν
508 2354 541 2416 σί
564 2359 709 2434 γυναῖκες
732 2354 876 2434 ὑμᾶς-
894 2354 1067 2433 ξενίσωμεν
1091 2357 1149 2416 ete.
1179 2354 1239 2414 Av.
1266 2353 1361 2415 1581.
1384 2351 1439 2416 τόν
1462 2352 1558 2433 ἄνδρα

330 2443 449 2524 χαίρειν
473 2443 503 2505 οἱ
525 2442 597 2506 θεοὶ
619 2442 799 2524 κελεύομεν.
824 2441 1028 2525 1111901221.
1053 2443 1148 2505 οὐδέν
1165 2443 1258 2524 ἐσμεν
1275 2441 1306 2505 οῖ
1321 2442 1445 2522 σαπροί.
1470 2441 1558 2504 Alex.

333 2532 473 2611 116,13.
499 2529 560 2594 εἶθ’
584 2533 615 2594 οἱ
636 2531 696 2614 μὲν
720 2533 931 2613 εὐποροῦμεν,
957 2533 987 2594 οἳ
1003 2531 1031 2594 δ’
1052 2532 1199 2614 ἀλύομεν.
1223 2531 1369 2615 Apollod.
1389 2532 1417 2614 7,
1434 2533 1462 2593 3.
1486 2529 1558 2593 ἀλλὰ

330 2621 412 2702 μέγα
437 2621 528 2684 τοῦθ’
553 2622 584 2684 οἱ
606 2622 738 2703 πατέρες
761 2615 981 2703 ῆλαττώμεθά.
1010 2621 1157 2704 Apollod.
1182 2621 1250 2684 Car.
1278 2621 1327 2684 10.
1352 2621 1383 2684 οί
1405 2619 1466 2702 γὰρ
1490 2621 1558 2682 ἀτυ-

330 2716 460 2793 χοῦντες
486 2710 541 2773 τδν
564 2709 682 2793 χρόνον
709 2711 919 2793 κερδαίνομεν
936 2715 993 2774 ete.
1018 2709 1176 2794 Posidipp.
1195 2713 1246 2791 28,
1264 2711 1292 2773 3.
1316 2711 1347 2773 οῖ
1370 2710 1398 2772 δ’
1416 2709 1559 2792 Ἕλληνες

331 2799 539 2882 έλληνίζομεν.
565 2799 705 2862 11111111.
723 2801 774 2880 21,
792 2801 820 2862 6.
843 2802 863 2862 δ’
889 2800 917 2862 δ’
942 2801 972 2862 οἱ
994 2800 1202 2870 πλουτοῦντες
1225 2801 1264 2863 οὑ
1288 2800 1486 2882 κεκτήμεθα,
1505 2803 1557 2862 etc.

223 2935 225 2940 -
330 2887 406 2952 Eur.
431 2888 513 2952 Med.
539 2891 612 2952 231.
646 2891 792 2970 γυναῖκές
820 2890 914 2972 ἐσμεν
943 2889 1139 2976 ἀθλιώτατον
1167 2889 1267 2972 φυτόν
1291 2890 1325 2969 (1.
1345 2890 1449 2976 φῦλον
1472 2888 1557 2966 ἀθλ.).

225 2979 226 2983 ’
331 2977 407 3041 Eur.
430 2977 480 3042 Fr.
505 2980 558 3062 25,
583 2981 611 3041 2.
640 2980 783 3061 γέροντες
812 2980 907 3042 οὐδέν
939 2979 1033 3059 ἐσμεν
1061 2980 1137 3042 ἄλλο
1170 2979 1252 3062 πλὴν
1280 2979 1383 3062 ὄχλος.
1417 2977 1466 3042 Fr.
1490 2978 1558 3040 432.

331 3067 524 3150 ἐβλάστομεν
548 3074 693 3149 γυναῖκες
715 3067 797 3131 πολὺ
823 3069 1072 3151 δυσμαχώτερον
1089 3069 1220 3151 (πυρός).
1245 3069 1379 3132 Patrocl.
1396 3073 1472 3151 trag.
1490 3068 1516 3149 1,
1532 3067 1557 3126 3.

330 3158 360 3218 τί
381 3157 459 3240 δῆτα
487 3157 599 3240 θνητοί
627 3157 717 3221 πόλλ’
747 3158 938 3240 ἀπειλοῦμεν
966 3159 1070 3241 μάτην
1095 3182 1154 3234 -,·
1183 3158 1337 3222 Simonid.
1363 3157 1490 3240 Amorg.
1513 3155 1557 3219 Fr.

334 3248 361 3328 1,
380 3248 408 3309 3.
438 3247 595 3330 ἐφήμεροι
616 3246 660 3329 Ιᾶ
691 3247 730 3329 δὴ
754 3247 822 3329 βότ’
847 3248 905 3311 αιέλ
934 3249 1049 3330 ζῶμεν.
1074 3247 1180 3312 stratt.
1205 3249 1257 3330 47,
1284 3249 1309 3309 1.
1335 3246 1445 3320 ξυνίετ’
1470 3244 1557 3310 οὐδὲν

330 3340 417 3399 πᾶσα
446 3334 599 3419 Θηβαίων
622 3337 720 3407 πόλις.

420 3426 472 3488 43.
497 3425 735 3509 ἐξηνθισμέναι]
760 3427 933 3491 Fueatae.
972 3427 1123 3510 Anglice,
1148 3426 1318 3510 painted,
1340 3430 1405 3509 got
1427 3445 1485 3509 up.

421 3517 472 3577 45.
498 3514 708 3598 ὀρθοστάδια]
737 3515 902 3580 Tunicae
926 3521 1053 3580 rectae
1076 3517 1224 3580 talares.
1265 3515 1311 3579 ef.
1336 3513 1430 3580 Dion.
1455 3515 1558 3594 Chrys.

332 3605 382 3686 63,
413 3605 462 3667 17.
502 3603 767 3669 Subaudiendum
800 3612 968 3688 φοροῦσαι.
1008 3605 1080 3668 Nisi
1113 3605 1242 3687 quidem
1275 3605 1446 3688 legendum
1473 3605 1502 3667 τί
1521 3639 1558 3648 —

330 3694 385 3757 καλ
408 3695 631 3777 περιβαρίδας,·
700 3695 923 3779 περιβαρίδας]
958 3694 1002 3759 01.
1032 3696 1084 3758 48.
1110 3696 1160 3757 53.
1193 3694 1368 3758 1811711.
1394 3696 1444 3757 92.
1477 3716 1558 3774 περι-

330 3785 435 3866 βαρίς·
459 3784 699 3864 θεραπαινίδων
721 3785 843 3866 μᾶλλον
865 3785 901 3848 τὸ
924 3784 1088 3866 ὑπόδημα.

421 3872 472 3935 46.
498 3873 543 3939 Cf.
561 3875 634 3937 888.
659 3873 742 3936 Nub.
766 3875 860 3937 1499.
883 3873 966 3937 τοῦτ’
991 3873 1068 3936 αὑτὸ
1093 3873 1153 3957 γὰρ
1177 3873 1230 3937 καὶ
1252 3873 1419 3956 βούλομαι.
1443 3874 1496 3936 Τ11.
1513 3872 1559 3934 81.

330 3961 409 4024 Ran.
436 3963 486 4024 73.
510 3962 568 4045 Eq.
596 3964 781 4026 1801281.
805 3963 882 4027 Xen
907 3964 1001 4027 Mem.
1018 3963 1075 4027 ΠΙ.
1093 3965 1121 4026 5.
1141 3965 1189 4026 19.
1214 3969 1306 4026 τοῦτο
1330 3963 1391 4045 γάρ
1414 3986 1475 4036 τοι,
1492 3963 1558 4044 ἐφη,

333 4051 387 4114 καὶ
410 4052 600 4134 θαυμαστόν
624 4054 699 4125 ἐστι,
723 4052 758 4116 τδ
783 4059 840 4116 etc.
933 4054 984 4116 47.
1009 4053 1219 4137 κροκωτίδια]
1244 4051 1289 4116 01.
1314 4052 1399 4116 Eeel.
1421 4053 1497 4116 332.

420 4143 472 4203 48.
499 4142 639 4224 διαφανῆ
662 4141 807 4225 χιτώνια]
843 4141 886 4205 01.
910 4141 995 4205 Nub.
1021 4142 1093 4205 767.
1127 4143 1261 4206 Philem.
1286 4144 1338 4205 81.
1367 4143 1472 4224 ἱμάτια
1497 4142 1559 4204 δια-

331 4232 492 4312 φαίνοντα.
516 4231 601 4294 Men.
628 4233 700 4314 727,
726 4233 753 4294 1.
784 4232 936 4314 διαφανὲς
958 4239 961 4314 ]
981 4233 1170 4314 χιτωνάριον
1193 4233 1319 4313 ἔχουσα.
1349 4229 1435 4295 Com.
1460 4231 1560 4312 adesp.

333 4321 406 4402 338,
432 4321 459 4382 1.
492 4320 612 4403 χλανίσι
646 4320 680 4383 δέ
714 4321 880 4402 διαφανέσι
909 4321 963 4402 (τε)
992 4323 1260 4404 περιπεπεμμένοι
1285 4359 1326 4366 -
1351 4321 1477 4394 όζοντες
1502 4319 1559 4403 μά-

333 4433 393 4492 ρου
419 4411 493 4490 (47].
518 4411 632 4473 Athen.
657 4431 685 4493 p.
712 4411 775 4473 198
793 4408 825 4472 0.
850 4409 1019 4492 κροκωτὸν
1044 4411 1191 4493 διαφανῆ.
1217 4408 1312 4474 Olem.
1336 4411 1431 4474 Alex.
1455 4409 1511 4472 HI.
1534 4413 1560 4469 3.

332 4499 453 4582 χλανίσι
487 4499 660 4582 διαφανέσι.
696 4498 800 4582 etym.
824 4499 865 4562 M.
890 4521 919 4584 p.
945 4500 1018 4582 746,
1044 4501 1093 4562 15.
1131 4499 1335 4583 Ταραντινόνῑ
1369 4499 1481 4564 λεπτὸν
1512 4495 1561 4561 καὶ
