3440 5196
309 453 372 516 290
763 475 1085 520 σαυεαονσοαιιτσειυ

399 634 471 695 531.
497 632 541 695 Of.
565 633 649 698 Men.
670 634 742 696 656.
767 635 827 698 οὐκ
852 636 933 698 ἔστιν
956 635 1050 698 οὐδὲν
1074 621 1268 718 ἀθλιώτερον
1291 635 1410 716 πατρὸς
1430 636 1434 720 Ι
1454 637 1540 720 πλὴν

308 723 427 804 ἔτερος,
460 724 499 786 ἀν
530 721 552 805 ᾖ
584 723 740 786 πλειόνων
771 723 897 787 παίδων
929 726 1041 807 πατήρ.
1074 725 1129 787 IV.
1154 726 1228 788 220.
1262 726 1321 788 οὐκ
1355 727 1394 788 ἂν
1426 725 1539 807 γένοιτ’

308 812 446 893 ἐρῶντος
462 812 657 894 ἀθλιώτερον
678 811 682 895 Ι
704 813 798 876 οὐδὲν
815 814 961 894 γέροντος
983 813 1065 896 πλὴν
1088 815 1193 896 ἔτερος
1217 815 1321 896 γέρων
1344 816 1436 895 ἐρῶν.
1459 815 1537 877 Eur.

307 900 357 965 Fr.
383 901 477 964 1045.
511 901 594 984 δεινὴ
623 902 683 984 μὲν
711 901 791 984 ἀλκὴ
819 903 973 984 κυμάτων
1000 902 1193 976 θαλασσίων,
1220 904 1224 987 Ι
1251 903 1347 966 δειναί
1376 904 1410 966 δέ
1437 928 1537 967 ποτα-

307 995 381 1073 μῶν
408 990 462 1053 καί
489 991 592 1073 πυρός
624 992 749 1074 θερμοῦ
782 991 889 1064 πνοαί,
916 992 920 1074 Ι
946 991 1049 1055 δεινὸν
1082 991 1117 1055 δὲ
1149 994 1253 1071 πενία,
1292 993 1376 1055 δεινὰ
1406 994 1434 1055 δ’
1457 994 1538 1056 ἀλλα

306 1080 419 1163 μυρία,
442 1079 445 1160 Ι
467 1079 533 1142 ἀλλ’
558 1079 652 1143 οάδέν
676 1081 760 1143 οὕτω
785 1079 888 1144 δεινόν
911 1081 957 1150 ὡς
980 1081 1057 1162 γυνὴ
1082 1081 1192 1144 κακόν.

399 1171 471 1232 532.
494 1168 578 1252 Lege
609 1169 691 1252 πλὴν
723 1167 774 1251 ἀρ’
799 1171 827 1232 εί
852 1169 1012 1253 γυναῖκες]
1044 1170 1128 1252 Lege
1152 1170 1234 1253 πλὴν
1257 1170 1308 1253 ἀρ’
1332 1173 1361 1234 εί
1381 1172 1458 1253 γυνή
1483 1196 1537 1241 τις.

309 1257 353 1322 Of.
368 1257 445 1321 Eur.
461 1258 510 1322 Fr.
529 1259 601 1321 327.
625 1260 780 1339 κρείσσων
803 1258 864 1341 γὰρ
889 1261 972 1329 οὔτις
994 1261 1169 1343 χρημάτων
1190 1259 1309 1341 πέφυκ’
1326 1261 1407 1343 ἀνὴρ
1428 1257 1432 1347 Ι
1452 1260 1537 1343 πλὴν

308 1349 399 1418 εἴτις
422 1347 481 1430 (είς
503 1371 547 1417 τις
569 1347 728 1429 Porson.)·
762 1347 844 1418 ὅστις
869 1349 897 1411 δ’
922 1346 1013 1418 οὗτός
1046 1350 1125 1412 ἔστιν
1153 1350 1213 1431 οὐχ
1242 1350 1319 1430 όρῶ.
1353 1349 1436 1413 Nub.
1461 1350 1537 1413 361.

309 1439 347 1502 οὗ
372 1436 432 1519 γὰρ
455 1439 495 1500 ἀν
518 1436 604 1519 ἀλλῳ
629 1437 657 1519 χ’
680 1438 920 1519 ὑπακούσαιμεν
937 1475 978 1484 -
994 1438 1077 1521 πλὴν
1100 1441 1119 1521 ἢ
1144 1439 1184 1520 (εἰ
1205 1437 1300 1502 Mein.
1316 1437 1537 1521 Κοο1.)Προ-

309 1528 398 1608 δίκῳ.
423 1527 577 1610 Metagen.
601 1546 679 1590 eom.
703 1525 745 1589 II.
771 1527 842 1589 758.
870 1528 913 1597 τίς
941 1528 1067 1610 πολίτης
1091 1528 1120 1590 δ’
1143 1528 1205 1591 ἐστὶ
1227 1534 1285 1592 νῦν
1305 1525 1310 1612 Ι
1330 1527 1412 1610 πλην
1435 1528 1487 1608 ἀρ’
1510 1531 1542 1591 εἰ

307 1616 420 1685 Σάκας
443 1640 499 1692 -;
523 1613 622 1678 Strab.
647 1616 718 1679 VII.
744 1616 817 1679 301.
841 1618 870 1678 2.
905 1616 1020 1687 αὐτοὺς
1044 1617 1073 1680 δ’
1098 1617 1331 1699 ἀποκρίνασθαι
1364 1619 1408 1680 ὅτι
1441 1617 1539 1680 οὐδὲν

308 1707 491 1789 (φοβοῖντο)
514 1704 596 1788 πλὴν
620 1707 649 1768 εἰ
673 1705 735 1786 ἀρα
758 1704 803 1788 μ.)
829 1705 1008 1788 όόἀρανὸς
1031 1707 1136 1776 αὐτοῖς
1159 1707 1308 1770 ἐπιπέσοι.

399 1796 471 1857 535.
495 1794 551 1876 τὴν
578 1794 718 1878 φθόρον]
749 1795 793 1857 Of.
818 1795 874 1877 Eq.
901 1797 994 1857 1151.
1024 1793 1052 1858 ἀι
1080 1795 1195 1878 φθόρε.
1225 1795 1337 1878 [Deru]
1367 1794 1458 1859 XIII.
1484 1798 1538 1858 24.

308 1891 365 1948 νῦν
389 1884 423 1946 δὲ
447 1883 595 1966 φθόρους
618 1885 647 1965 (i.
673 1904 700 1966 q.
725 1883 890 1965 ὀλέθρους)
914 1885 1111 1967 ἀνθρώπους
1133 1886 1274 1948 ποιεῖσθε
1297 1885 1431 1955 πολίτας.
1455 1885 1537 1948 Prat.

309 1972 449 2056 Euthyd.
474 1973 537 2035 285
554 1974 590 2036 Β.
615 1974 774 2055 ἐμαθέτην
797 1973 926 2055 φθόρον
948 1974 1014 2037 τινὰ
1039 1975 1092 2037 καί
1115 1974 1252 2056 ὄλεθρον
1274 1981 1423 2037 τοιοῦτον.

212 2093 213 2096 ¹
399 2064 462 2125 536
479 2082 524 2145 sq.
549 2064 577 2124 εἰ
596 2062 656 2144 μὲν
679 2061 737 2125 οὗν
761 2061 820 2145 -]
846 2062 890 2126 Cf.
915 2063 955 2126 ad
978 2063 1024 2125 Pl.
1049 2064 1113 2127 468
1131 2084 1175 2146 sq.
1202 2064 1280 2127 Plat.
1305 2084 1383 2128 com.
1402 2063 1443 2126 II.
1462 2065 1537 2126 674.

309 2153 338 2216 εί
358 2151 417 2234 μὲν
441 2149 498 2215 οὗν
513 2151 587 2214 τάδε
608 2151 611 2232 Ι
632 2152 817 2234 προσοίσετ’,
842 2152 1002 2215 εἰσέλθοιτ’
1018 2153 1069 2215 ἄν·
1094 2155 1123 2216 εἰ
1137 2153 1171 2216 δὲ
1189 2153 1249 2236 μὴ,
1272 2154 1375 2236 μάτην
1396 2152 1400 2236 Ι
1421 2155 1539 2226 ἔξεστιν

307 2243 383 2324 ὑμῖν
407 2240 457 2304 διὰ
481 2247 575 2323 κενῆς
597 2243 744 2324 βινητιᾶν.
770 2241 852 2304 Men.
878 2243 950 2304 718.
975 2243 1003 2304 εἰ
1022 2242 1081 2323 μὲν
1105 2241 1163 2305 οὖν
1181 2247 1246 2305 τινα
1268 2242 1272 2325 Ι
1293 2242 1408 2322 (ἄλλον)
1432 2243 1539 2325 πόρον

310 2333 403 2414 ἔχεις·
432 2332 460 2394 εί
482 2329 517 2394 δὲ
539 2330 599 2412 μὴ,
627 2329 753 2412 νενόηκ’
781 2331 858 2411 ἐγώ·
879 2330 884 2414 Ι
904 2335 1048 2412 μισῶμεν
1077 2332 1238 2414 ἀλλήλους.
1271 2331 1363 2414 Soph.
1387 2330 1436 2394 Fr.
1461 2333 1538 2395 402.

309 2423 338 2484 εἶ
366 2421 426 2502 μέν
457 2444 501 2489 τις
529 2417 586 2483 οὗν
614 2420 736 2492 ἔξεισιν·
769 2421 798 2482 εί
829 2419 863 2482 δὲ
885 2421 944 2502 μὴ,
977 2420 1053 2502 λέγε,
1086 2421 1180 2484 Thuc.
1204 2420 1261 2484 III.
1286 2421 1314 2482 3.
1338 2422 1392 2483 καί
1415 2424 1454 2503 ἢν
1477 2421 1540 2502 μὲν

310 2512 417 2593 ξυμβῇ
440 2511 460 2592 ἡ
484 2515 591 2589 πεῖρα·
615 2511 642 2572 εί
664 2509 699 2572 δὲ
721 2509 780 2592 μὴ,
806 2514 863 2574 etc.
892 2509 915 2571 I.
942 2511 1013 2572 131.
1043 2508 1131 2572 εἶπον
1157 2516 1213 2573 τοῦ
1241 2511 1384 2591 κήρυκος
1405 2511 1451 2593 μὴ
1476 2511 1538 2574 λεί-

308 2600 439 2674 πεσθαι·
473 2600 502 2661 εί
529 2599 563 2661 δὲ
590 2599 651 2681 μὴ,
676 2605 733 2662 etc.
766 2598 883 2662 Herod.
907 2598 995 2661 VIII.
1021 2599 1071 2661 62.
1098 2602 1125 2662 1.
1158 2599 1196 2663 σὺ
1230 2601 1258 2662 εί
1286 2601 1406 2682 μενέεις
1437 2601 1539 2664 αὐτοῦ

266 2753 270 2761 ,
308 2689 362 2752 καί
384 2689 492 2771 μένων
520 2688 603 2751 ἔσεαι
630 2687 710 2771 ἀνὴρ
739 2687 874 2768 ἀγαθός·
903 2689 932 2750 εῖ
957 2688 991 2750 δὲ
1014 2689 1074 2770 μὴ,
1103 2689 1288 2771 ἀνατρέψεις
1310 2689 1366 2770 την
1389 2687 1538 2753 Ἐλλάδα.

308 2777 392 2843 Xen.
415 2777 518 2840 Anab.
542 2777 614 2840 VII.
640 2778 668 2838 λ.
694 2779 742 2840 15.
776 2779 804 2839 εί
827 2777 887 2858 μὲν
914 2778 952 2840 σύ
980 2802 1007 2839 τι
1034 2779 1114 2861 ἔχεις
1138 2816 1179 2825 -
1203 2777 1285 2861 πρὸς
1311 2779 1397 2860 ἡμᾶς
1424 2778 1538 2860 λέγειν·

245 2892 247 2896 ’
309 2869 338 2930 εἰ
359 2867 393 2930 δὲ
416 2866 480 2949 μὴ,
504 2868 614 2948 ἡμεῖς
636 2865 718 2948 πρὸς
742 2865 776 2928 σὲ
799 2868 921 2948 ἔχομεν.
1360 2923 1362 2928 .

399 2959 471 3018 538.
497 2954 540 3018 Of.
564 2954 648 3018 Eccl.
676 2957 747 3017 724.
771 2956 961 3037 κατωνάκην
984 2955 1038 3020 τὸν
1061 2963 1171 3038 χοῖρον
1194 2957 1442 3038 ἀποτετιλμένας.
1499 3017 1502 3022 ,

399 3047 471 3108 542.
497 3043 618 3127 δίκαια]
642 3046 736 3128 AngI.
760 3044 872 3127 pleas.
912 3045 956 3109 cf.
980 3046 1063 3109 Nub.
1089 3049 1162 3109 888.
1186 3049 1246 3109 Av.
1273 3047 1366 3109 1590.
1390 3045 1438 3108 Pl.
1463 3049 1538 3111 486.

399 3137 472 3198 547.
495 3134 721 3218 Μελανίππας)
755 3134 801 3197 cf.
834 3134 911 3196 Ran.
939 3135 1032 3197 1043.
1069 3135 1277 3217 Φαίδρας-
1299 3135 1507 3218 Σθενεβοίας.

399 3226 471 3288 550.
495 3223 699 3307 Πηνελόπην)
738 3222 783 3286 Of.
817 3223 931 3286 Eubul.
960 3223 1017 3286 III.
1042 3225 1114 3287 260.
1153 3227 1181 3288 εί
1212 3225 1241 3288 δ’
1275 3226 1394 3306 ἐγένετο
1421 3227 1425 3307 Ι
1451 3227 1537 3309 κακὴ

310 3314 387 3396 γυνὴ
411 3313 553 3396 Μήδεια,
578 3312 777 3395 Πηνελόπειά
802 3337 836 3394 γε
857 3314 861 3395 Ι
880 3315 962 3394 μέγα
985 3317 1114 3395 πρᾶγμ’.

399 3405 471 3466 552.
495 3403 549 3465 καὶ
576 3402 613 3484 νι)
638 3401 687 3464 Δί’
713 3403 842 3465 οὐδέπω
876 3426 910 3483 γε
935 3402 993 3486 -Ι
1027 3403 1070 3467 Of.
1097 3404 1168 3466 640.
1193 3403 1247 3467 καί
1282 3404 1320 3486 νι)
1354 3402 1412 3467 Δία
1443 3406 1538 3488 Ινηδὶ)
1645 3401 1648 3408 ’

308 3494 406 3556 τιτθία
431 3492 459 3574 y’
483 3492 592 3572 ὥσπερ
616 3493 706 3573 ἡμεῖς
729 3493 789 3555 οὐκ
813 3493 883 3573 ἔχει,
1623 3541 1627 3546 .

330 3634 333 3641 .
400 3583 474 3644 554.
496 3582 622 3662 ἐξέχεας
645 3581 783 3664 ἅπαντα]
809 3581 852 3644 CI.
877 3582 991 3645 Aesch.
1016 3584 1074 3664 Ag.
1094 3583 1187 3645 1028.
1211 3581 1431 3664 προφθάσασα
1456 3608 1536 3665 καρ.

311 3671 380 3734 δίαν
404 3671 531 3752 γλῶσσα
554 3668 643 3733 πάντ’
667 3673 707 3732 ἀν
730 3671 834 3752 ἔξέχει.
860 3669 952 3754 Soph.
978 3673 1025 3753 Aj.
1051 3673 1123 3734 989.
1148 3672 1196 3734 Fr.
1222 3673 1294 3753 668,
1321 3672 1349 3733 3.

400 3762 472 3823 555.
497 3761 627 3823 οὐδέπω
642 3759 698 3842 τὴν
717 3760 890 3842 μυριοστὴν
904 3765 1021 3841 μοῖραν
1038 3798 1079 3805 -—
1097 3760 1212 3843 εἴρηχ’]
1237 3760 1281 3823 Of.
1298 3760 1370 3843 LyS.
1384 3761 1536 3825 XIVJ46.

310 3849 386 3914 οὐδὲ
408 3849 583 3912 πολλοστὸν
604 3850 704 3931 μέρος
724 3851 833 3932 εἴρηκα
857 3855 921 3912 τῶν
943 3850 1063 3920 τούτοις
1086 3850 1306 3932 ὑπαρχόντων.

400 3940 462 4000 556
480 3958 525 4020 sq.
549 3938 597 4002 De
621 3959 655 4003 re
679 3939 715 4000 cf.
739 3938 824 4002 Eeel.
851 3939 899 4000 14.

400 4030 472 4090 557.
497 4027 696 4111 ἐπιτριβείης]
733 4026 777 4090 cf.
807 4031 866 4090 AV.
898 4030 991 4091 1530.
1029 4029 1173 4092 ἐντεῦθεν
1210 4027 1272 4110 ἀρα
1309 4029 1537 4114 τούπιτριβείης

310 4141 447 4198 εχενετο,·
548 4174 565 4188 „

400 4208 471 4269 560.
498 4205 541 4268 Cf.
565 4207 680 4270 Aesoh.
705 4206 779 4269 Oho.
805 4208 877 4269 889.
914 4207 983 4289 δοίη
1016 4231 1059 4277 τις
1087 4208 1293 4290 ἀνδροκμῆτα
1321 4199 1457 4288 πέλεκυν
1481 4247 1535 4272 -.

310 4295 385 4378 (Ubi
408 4295 550 4378 quuitur
574 4295 846 4378 Clytaemnestra.)
869 4296 945 4359 Hor.
970 4297 1031 4359 Sat.
1055 4297 1079 4359 Ι.
1106 4300 1133 4360 1.
1158 4298 1208 4360 99.
1234 4298 1291 4361 ‘At
1314 4298 1399 4360 huno
1424 4298 1537 4361 liberta

280 4390 283 4396 '
309 4386 413 4448 securi
435 4386 439 4467 Ι
460 4385 579 4449 Divisit
602 4385 742 4448 medium
766 4386 935 4448 fortissinra
957 4385 1229 4466 Tyndaridarum?

400 4475 472 4536 561.
495 4474 550 4537 τὸν
578 4474 668 4557 ἄνδρ’
697 4474 823 4559 ἔμηνεν]
858 4473 902 4536 Of.
931 4475 980 4538 Fr.
1011 4478 1083 4538 523.
1116 4477 1298 4558 ε’κμαίνετον
1330 4475 1385 4540 τὸν
1417 4479 1535 4560 πατέρα

308 4570 372 4636 τοῖς
395 4564 563 4647 ὀρχήμασι.

745 4709 782 4750 ⁸..
