3440 5196
325 389 389 452 280
779 405 1103 453 τεαεαοεαοαατσεια

324 567 380 630 IV.
406 567 478 630 568.
503 567 647 650 εἰσῆλθεν
670 567 843 649 ἡμίκραιρα
866 565 983 648 τακερά
1008 567 1175 649 δέλφακος.
1214 565 1335 629 Eodem
1359 584 1456 629 sensu
1472 565 1554 629 Her-

324 659 450 740 mippus
474 656 521 719 Fr.
549 657 597 729 14.
622 658 722 738 οἴμοι,
745 657 774 719 τί
796 657 905 738 δράσω
930 656 1093 737 σύμβολον
1115 657 1329 738 κεκαρμένος·

415 748 487 808 230.
512 747 556 829 ἔχ’
581 741 700 828 ἀτρέμα
724 745 850 830 σαυτὸν]
876 743 933 820 Qu.
957 744 1002 828 ἔχ’
1020 746 1157 827 ἀτρέμας
1172 747 1280 808 αὐτοῦ.
1316 745 1360 809 Of.
1377 744 1460 808 Nub.
1479 745 1552 806 261.

326 837 391 900 ἀλλ’
415 836 460 918 ἔχ’
485 835 617 917 ἀτρεμεί.
642 839 701 898 Av.
731 836 822 898 1200.
846 837 891 917 έχὲ
916 835 1053 917 ἀτρέμας
1076 835 1187 908 αὐτοῦ,
1212 836 1312 918 στῆθ’.

415 927 487 988 231.
511 925 634 1009 μύζεις]
660 925 703 988 Of.
728 924 875 987 Menand.
894 925 949 987 IV.
967 927 1017 987 92.
1042 926 1156 1006 έμυξεν
1179 925 1209 1005 (ἰ.
1227 944 1251 987 ε.
1276 925 1456 1003 ἐστέναξεν).
1480 922 1552 1006 LyS.

328 1018 421 1080 1273.
445 1015 539 1078 τᾶλλα
563 1016 728 1097 πεποίηται
750 1015 867 1084 καλῶς.

415 1124 488 1184 234.
513 1122 607 1206 φέρε]
632 1121 680 1185 Se.
704 1122 890 1204 κάτοπτρον.

415 1213 487 1274 239.
512 1211 674 1295 ἐπίκυπτε]
700 1211 743 1274 Of.
768 1211 950 1274 Anaxandr.
967 1211 1023 1274 ΠΙ.
1045 1212 1114 1274 180.
1139 1212 1198 1274 οὐκ
1215 1211 1419 1293 ἐπικεκυφὼς
1443 1211 1553 1292 ὀρθὸς,

327 1300 355 1365 ὦ
378 1301 520 1384 βέλτιστ’,
544 1302 614 1364 ἔσει.
682 1301 737 1383 τὴν
760 1301 889 1383 κέρκον]
919 1301 964 1365 Of.
989 1301 1028 1362 ad
1050 1302 1121 1364 Pae.
1141 1302 1234 1364 1054.
1258 1302 1277 1382 ἡ
1302 1303 1418 1381 κέρκος
1442 1298 1552 1388 ποιεῖ]

326 1391 442 1461 καλῶς.
470 1391 579 1472 ibique
596 1391 690 1453 schol.
711 1390 828 1453 Herod.
845 1390 884 1453 ΙΙ.
901 1392 952 1453 40.
975 1391 1032 1472 τὴν
1056 1389 1159 1472 ὀσφὺν
1182 1391 1293 1472 ἄκρην.
1316 1391 1430 1453 Aesolr.
1449 1391 1554 1454 Prom.

328 1481 400 1544 496.
424 1480 478 1543 καὶ
500 1480 629 1561 μακρὰν
652 1481 682 1560 (1.
706 1479 773 1562 κᾷτ’
797 1481 911 1562 ἄκραν)
932 1479 935 1563 ]
958 1479 1061 1562 ὀσφὺν
1083 1480 1245 1560 πυρώσας.

418 1571 490 1632 240.
514 1569 595 1652 πλήν
624 1569 652 1650 γ’
676 1569 721 1632 ὅτι
749 1569 885 1654 κάομαι]
915 1569 959 1633 Of.
984 1569 1055 1633 Pac.
1081 1569 1154 1632 675.
1182 1569 1292 1653 φυχίγν
1319 1570 1446 1652 ἀριστος
1474 1571 1555 1653 πλήν

329 1658 357 1741 γ’
382 1659 427 1723 ὅτι
451 1695 506 1720 -.
530 1657 587 1741 Eq.
613 1660 663 1720 27.
687 1658 765 1721 Ηεα.
793 1659 885 1720 1466.

418 1748 491 1810 243.
514 1748 896 1833 καταπεπυρπολημένος]
922 1748 965 1812 Cf.
985 1750 1056 1812 727.
1080 1748 1134 1814 καὶ
1157 1749 1317 1812 καταίθειν
1339 1749 1394 1812 τὸν
1412 1756 1555 1831 πανοῦρ-

329 1862 385 1920 γον
407 1838 580 1919 πυρπολεῖν
602 1838 636 1901 θ’
661 1839 738 1901 ὅσον
760 1839 863 1920 τάχος.
896 1839 1009 1902 Aesch.
1034 1838 1120 1902 Pers.
1147 1840 1241 1902 1955.
1274 1839 1330 1902 καί
1354 1863 1411 1920 μοι
1436 1842 1556 1921 γενείου

327 1928 428 2009 πέρθε
451 1927 589 2010 λευκήρη
613 1928 710 2009 τρίχα.

418 2017 491 2079 245.
515 2023 590 2099 φεῦ,
619 2017 668 2080 ἰοὺ
696 2022 751 2098 τῆς
774 2016 930 2100 ἀσβόλου]
964 2017 1007 2081 Of.
1031 2017 1104 2100 LyS.
1131 2019 1203 2080 312.
1237 2024 1297 2100 φεῦ
1329 2025 1385 2082 τοῦ
1419 2026 1556 2083 καπνοῦ.

328 2106 388 2169 Av.
416 2106 486 2169 162.
513 2107 605 2169 1724.
631 2108 745 2170 Aeseh.
769 2106 861 2169 Eum.
886 2108 958 2169 811.
984 2113 1058 2188 φεῦ,
1083 2107 1132 2170 ἰοὺ
1156 2108 1215 2170 ἰού.

244 2288 246 2294 Α
418 2214 491 2274 246.
514 2212 550 2276 τὰ
574 2213 645 2295 περὶ
667 2213 723 2296 τὴν
746 2213 869 2297 τράμιν]
894 2214 938 2277 Cf.
962 2213 1091 2276 Lucian.
1112 2216 1164 2292 34,
1183 2216 1211 2276 2.
1235 2214 1271 2279 τά
1296 2216 1379 2298 ἀμφὶ
1401 2215 1458 2298 τὴν
1482 2217 1557 2298 τρά-

327 2326 382 2384 μιν
404 2303 626 2384 μαλακίζομαι.
651 2305 747 2366 Arist.
772 2302 811 2364 H.
829 2305 890 2366 An.
907 2303 964 2365 IX.
984 2305 1033 2366 36.
1056 2304 1182 2367 ποικίλα
1205 2304 1242 2367 τὰ
1266 2305 1337 2387 περὶ
1359 2304 1413 2368 τὸν
1438 2306 1557 2388 αὐχένα

328 2393 398 2474 ἔχει.
433 2391 470 2453 V.
496 2393 524 2454 9.
551 2393 599 2454 15.
628 2391 664 2454 τά
692 2391 763 2474 περὶ
790 2391 844 2456 τὸν
871 2393 1036 2475 τράχηλον.
1065 2393 1180 2458 Athen.
1206 2396 1268 2456 387
1287 2394 1319 2456 F.
1348 2396 1559 2478 κατάγραφος

328 2481 365 2543 τὰ
393 2482 464 2563 περί
491 2480 546 2544 τὸν
577 2487 688 2545 νῶτον.
756 2481 881 2565 τράμιν]
915 2482 959 2546 Of.
983 2481 1172 2566 Hipponact.
1197 2483 1246 2546 Fr.
1271 2485 1321 2547 84.
1354 2485 1486 2548 ἰκτίλλοι
1513 2510 1562 2556 τις

329 2570 426 2634 αὐτοῦ
449 2571 505 2652 τὴν
528 2572 641 2652 τράμιν
664 2571 856 2652 θποργάσας.
891 2571 935 2634 cf.
952 2592 981 2633 v.
1005 2572 1213 2655 τερπότραμις
1230 2573 1268 2654 (Ρ)
1294 2573 1406 2638 Τολοοί.
1423 2572 1464 2635 ΙΙ.
1483 2577 1560 2638 378.

419 2661 491 2722 248.
516 2659 720 2743 οἰμώξετᾶρ’]
746 2658 789 2722 Of.
815 2661 886 2723 916.
911 2661 993 2724 Nub.
1020 2663 1092 2723 217.
1117 2661 1290 2744 οἰμώξεσθ’
1314 2663 1385 2744 άρα.
1410 2664 1455 2726 Pl.
1482 2665 1561 2728 876.

330 2750 496 2830 οἰμώξᾶρα
514 2751 560 2812 σύ.
585 2749 657 2812 Pac.
676 2752 748 2812 532.
772 2750 936 2830 κλαύσάρα
953 2751 1000 2813 σά.
1024 2750 1102 2814 Ran.
1122 2752 1193 2814 509.
1213 2752 1561 2834 περιόψομάπελθόντ’.

328 2839 458 2902 Lucian.
483 2837 563 2901 Dial.
588 2837 625 2900 D.
651 2838 687 2900 V.
710 2841 737 2900 5.
762 2839 806 2922 μὴ
833 2840 946 2902 ἀέὸιθι·
972 2841 1140 2922 οἰμώξεται
1164 2840 1238 2923 γάρ,
1263 2844 1302 2924 ἢν
1324 2843 1367 2912 τίς
1390 2866 1425 2905 σε
1448 2843 1562 2907 λυπεῖν

329 2927 434 3010 ἐθέλῃ.

419 3036 491 3096 254.
517 3035 561 3098 Of.
584 3034 736 3118 Theophr.
762 3035 851 3099 Char.
876 3036 964 3100 XIV.
988 3035 1041 3100 fin.
1074 3037 1136 3118 ἡὸά
1170 3062 1204 3118 γε
1235 3043 1299 3101 τῶν
1332 3039 1458 3120 άστρων
1482 3042 1562 3116 ὄζει,

329 3125 390 3187 ὅτι
414 3124 452 3206 ἀι]
470 3123 523 3187 καλ
540 3125 570 3187 οῖ
592 3124 679 3188 ἄλλοι
702 3125 826 3206 λέγουσι
844 3133 899 3208 τῆς
922 3133 987 3208 γῆς.
1011 3126 1143 3190 Philem.
1160 3127 1215 3189 IV.
1233 3129 1283 3189 26.
1307 3128 1345 3210 νὴ
1362 3129 1419 3212 τὴν
1437 3130 1561 3214 Ἀφρο-

331 3215 415 3296 ἀίτην
439 3214 501 3295 ηάά
525 3212 553 3295 γ’
577 3212 637 3276 ἔστ’
662 3216 825 3296 εὐημερεῖν
846 3215 850 3297 Ι
872 3216 904 3278 ἒν
928 3217 1051 3279 ἅπασιν.
1119 3217 1270 3299 ποσθίου]
1295 3216 1338 3280 Cf.
1365 3220 1437 3282 515.

419 3304 491 3365 255.
517 3302 673 3387 ξύζωσον]
698 3303 743 3366 Of.
768 3305 841 3386 LyS.
868 3306 939 3367 536.
968 3303 1048 3387 κᾷτα
1073 3306 1186 3378 ξαίνειν
1210 3308 1437 3390 συζώσάμενος
1460 3311 1563 3392 (ξαῖνε

330 3392 436 3473 ξυζθ]
505 3391 588 3475 αἶρε]
613 3393 732 3456 Affer.
772 3394 817 3458 Of.
842 3395 914 3458 Pac.
941 3396 966 3456 1.
987 3396 1080 3457 1227.
1149 3395 1311 3480 στρόφιον]
1341 3396 1385 3460 Cf.
1409 3398 1562 3464 Phereor.

328 3481 369 3544 II.
395 3482 468 3544 296.
492 3483 626 3563 μίτραν
650 3485 737 3562 (257)
761 3484 915 3567 ἀλουργῆ,
940 3485 1099 3566 στρόφιον,
1123 3485 1287 3567 όχθοιβον,
1311 3488 1413 3550 κτένα.

419 3589 492 3650 257.
515 3588 641 3672 μίτρας]
676 3588 719 3653 Of.
746 3591 817 3654 941,
850 3591 941 3656 Pher.
965 3591 1005 3653 II.
1031 3591 1104 3654 296.
1136 3592 1249 3674 μίτραν
1277 3593 1431 3678 ἁλουργῆ,
1465 3597 1562 3678 στρό-

329 3701 413 3761 φιον,
447 3678 610 3761 ἀχθοιβον,
644 3680 744 3743 κτένα.
777 3681 895 3744 Herod.
920 3680 943 3743 I.
971 3682 1041 3744 195.
1074 3681 1129 3751 τάς
1160 3682 1301 3764 κεφαλὰς
1329 3685 1456 3767 μίτρῃσι
1480 3687 1562 3750 ἀνα-

330 3769 459 3831 ἀέονται.
483 3768 610 3832 Theocr.
635 3768 775 3832 XXVII.
802 3773 842 3833 55
876 3777 936 3852 φεῦ
961 3777 1035 3852 φεῦ,
1065 3771 1118 3834 καί
1141 3771 1197 3834 τάν
1219 3773 1332 3855 μίτραν
1355 3773 1422 3856 (τάν
1445 3777 1564 3857 μίτραν

328 3857 422 3940 μευί)
446 3858 628 3940 ἀπέσχισας·
663 3859 694 3929 ἔς
721 3860 750 3921 τί
777 3859 805 3923 θ’
834 3861 962 3936 έλυσας,·
996 3859 1116 3924 Gallim.
1140 3860 1195 3944 Ep.
1221 3863 1271 3925 38.
1303 3863 1359 3945 τὴν
1390 3865 1506 3948 μίτρην
1538 3871 1562 3950 ἣ

328 3948 468 4029 μαστούς
491 3971 565 4030 σφιν
582 3949 688 4030 1έάησε.

419 4056 492 4117 258.
515 4055 694 4139 περίθετος]
723 4058 871 4140 περιθέτη
897 4060 953 4140 (ευ.
977 4057 1080 4141 κόμη)
1110 4058 1261 4122 dixerunt
1283 4059 1420 4144 Amphis
1445 4068 1476 4126 et
1493 4061 1563 4127 Me-

329 4144 451 4207 nander
475 4149 553 4208 teste
578 4144 655 4208 Poll.
681 4145 721 4209 X.
741 4147 811 4210 170.
852 4147 895 4211 Of.
915 4147 964 4210 Fr.
982 4149 1054 4210 224.
1074 4149 1306 4233 Ἀριστοφάνης
1329 4151 1362 4213 ἕν
1385 4149 1419 4212 Γ
1415 4153 1562 4237 ηρυτάάγγ

328 4234 538 4316 περίθετον.
579 4235 698 4327 (In-ea
729 4235 837 4298 fabula
868 4237 1021 4301 inductus
1054 4243 1102 4302 est
1124 4240 1268 4322 Agatho.)
1299 4241 1450 4304 Aristom.
1477 4244 1505 4326 5,
1530 4244 1563 4306 2.

329 4324 382 4386 καὶ
405 4325 570 4404 περίθετον
593 4325 778 4406 πρόσωπον.

419 4413 491 4476 269.
516 4412 554 4496 νίγ
579 4413 630 4478 Δί’
655 4415 720 4477 ἀλλ’
749 4416 845 4498 ἄριστ’
876 4416 954 4500 ἔχει]
984 4415 1029 4481 Of.
1053 4418 1127 4500 Lys.
1153 4420 1225 4482 927.
1254 4418 1291 4500 νὴ
1322 4417 1373 4482 Δί’
1398 4420 1465 4483 ἀλλ’
1494 4422 1562 4504 ε’γώ

329 4503 382 4586 (se.
407 4503 539 4587 δέομαι).
572 4503 619 4568 Pl.
644 4505 717 4567 202.
741 4504 778 4587 νὴ
803 4504 856 4569 τὸν
880 4505 930 4569 Δί’
954 4505 1032 4570 ἀλλὰ
1060 4507 1114 4572 καὶ
1140 4509 1265 4590 λέγουσι
1292 4509 1405 4580 πάντες
1429 4511 1476 4582 ὡς
1501 4517 1562 4576 ete.
