3382 5194
615 429 854 476 rooomlzosrr
1313 411 1355 473 93

115 587 323 671 Κεραμεικὸν
338 587 392 652 καλ
408 587 503 653 στοὰν
518 589 574 672 τὴν
589 589 792 674 καλουμένην
810 589 969 673 βασίλειον
984 588 1061 660 ναός
1077 589 1158 652 ἐστιν
1168 585 1355 670 Ἡφαίστου.

115 677 199 740 Poll.
225 677 313 742 VIII.
338 679 389 741 86.
412 677 495 760 πρὸς
517 686 554 763 τῇ
577 679 726 763 βασιλείῳ
750 686 836 762 στοᾷ.

212 768 284 830 685.
309 766 354 831 01.
378 769 457 831 Ach.
484 770 533 830 11.
558 768 576 831 ὁ
601 767 630 832 δ’
654 769 780 832 ἀνεῖπεν
803 769 857 849 (se.
882 769 900 832 ὁ
924 769 1046 853 κῆρυξ).

211 857 284 920 686.
307 856 383 928 τοὺς
405 858 433 920 δ’
458 858 493 921 ἐκ
516 863 573 922 τοῦ
596 856 716 941 κάππ’]
740 857 865 921 Κάππα
894 864 942 924 est
968 859 1075 922 littera
1102 850 1274 922 numerum
1303 857 1356 921 de·
1469 931 1470 934 η

116 965 188 1010 cem
218 946 372 1010 indicans.
411 947 513 1010 Erant
544 952 651 1011 autom
675 947 813 1011 Athonis
846 947 957 1013 docem
982 947 1163 1012 tribunalia.
1198 948 1237 1010 V.
1261 947 1356 1010 Peus.

116 1034 140 1097 Ι.
166 1036 220 1100 28.
245 1038 328 1116 8sq.
368 1034 460 1112 Quod
485 1037 536 1100 vol
560 1055 600 1100 ex
624 1037 684 1100 hoo
707 1036 778 1101 looo
801 1037 908 1121 colligi
931 1041 1043 1119 potest.

211 1125 286 1188 687.
310 1126 376 1208 ὅτῳ
392 1162 435 1170 -
450 1125 496 1209 μὴ
516 1125 703 1209 ’ξελκυσθῇ]
725 1123 768 1188 01.
786 1126 827 1189 ad
842 1125 921 1190 Ren.
939 1125 1034 1190 1163.
1051 1126 1116 1209 ὅτῳ
1131 1131 1210 1209 μετῇ
1226 1126 1356 1208 πάτρας.
1405 1175 1408 1182 .

212 1215 287 1277 691.
311 1215 459 1297 στεφάνῳ
475 1251 518 1260 -
534 1215 590 1297 τὴν
614 1213 717 1298 δᾷδα]
748 1215 794 1279 01.
818 1215 859 1278 ad
882 1215 929 1279 Pl.
956 1216 1049 1279 1041.
1074 1215 1231 1297 στέφανόν
1254 1216 1289 1298 χέ
1311 1239 1358 1278 τοι

115 1304 170 1368 καί
197 1303 271 1386 δᾷδ’
300 1305 384 1387 έχων
411 1305 586 1387 πορεύεται.
616 1304 789 1388 Antiphon.
812 1305 870 1368 III.
897 1306 969 1368 114.
998 1305 1082 1388 δᾷδα
1106 1304 1160 1368 καί
1182 1305 1358 1387 στεφάνους

114 1393 276 1476 λαβόντες.
306 1394 380 1457 Eur.
406 1394 572 1457 1110363.

214 1484 287 1550 693.
311 1483 392 1547 κατὰ
420 1482 475 1554 τὰς
499 1482 642 1568 διόδους]
668 1482 712 1548 01.
737 1483 831 1568 Vesp.
857 1483 930 1548 361.
953 1483 1008 1548 Th.
1034 1484 1107 1548 658.

214 1573 286 1636 705.
310 1573 354 1637 01.
380 1573 453 1636 629.
476 1573 550 1656 πρίν
572 1574 613 1637 ἀν
635 1579 700 1644 τοῖς
723 1573 868 1656 αἰσχροῖς
890 1573 1024 1644 καὶτοῖς
1040 1573 1357 1656 σιμοΐςχαρίσωνται.

161 1668 230 1732 τοῖς
254 1700 295 1708 -
321 1659 439 1748 σιμοῖς]
469 1661 558 1728 Inter
584 1681 620 1726 se
642 1670 850 1746 opponuntur
871 1662 964 1746 σιμὸς
988 1669 1019 1727 01
1042 1663 1171 1746 χρυπός.
1209 1662 1254 1727 01.
1278 1662 1358 1726 Plot.

116 1751 215 1836 Resp.
239 1752 356 1815 47411.
385 1753 404 1816 ὁ
426 1752 486 1834 μὲν
510 1753 556 1816 ὅτι
587 1751 697 1834 σιμὸς
720 1753 862 1836 ἐπίχαρις
884 1752 1014 1835 κληθείς
1041 1752 1279 1835 ἐπαινεθήσεται
1302 1752 1357 1834 ὑφ’

117 1842 226 1924 ὑμῶν,
249 1841 285 1905 τὸ
310 1841 345 1905 δὲ
369 1841 517 1924 γρυπὸν
540 1840 703 1926 βασιλικόν
726 1865 807 1923 φατε
830 1841 914 1906 εῖναι.
938 1841 1022 1906 Xen.
1047 1839 1119 1922 Oyr.
1143 1840 1232 1904 VIII.
1253 1843 1282 1904 4.
1307 1843 1358 1903 2l.

118 1931 196 2014 σιμὴ
221 1931 326 2014 ’(γυνὴ)
350 1932 389 1994 ἀν
412 1954 462 1995 σοι
485 1933 626 2014 ἰσχυρῶς
649 1931 816 2014 συμφέροι.
856 1930 948 2015 Πρὸς
975 1932 1005 1994 τί
1026 1929 1064 2014 δὴ
1090 1929 1131 1994 αὗ
1154 1935 1262 2007 τοῦτο·
1280 1929 1358 2003 Ὅτι,

118 2022 198 2104 ἔφη,
225 2020 264 2083 σὺ
289 2019 411 2103 γρυπὸς
434 2019 468 2084 ελ.
501 2020 583 2104 πρὸς
616 2017 673 2084 οὗν
705 2020 762 2103 τὴν
789 2021 940 2105 σιμότητα
969 2021 1045 2104 σάφ’
1074 2019 1144 2083 ἔσθι
1166 2021 1214 2084 ὅτι
1237 2020 1257 2102 ἡ
1283 2043 1357 2102 γρυ-

118 2110 222 2192 πότης
245 2109 344 2193 ἄριστ’
368 2112 408 2175 ἀν
430 2109 675 2193 προσαρμόσειε.

215 2200 288 2262 708.
313 2199 450 2283 διφόρου
484 2197 599 2283 συκῆς]
636 2199 792 2265 Biserae
824 2201 933 2264 ficus.
973 2198 1020 2263 01.
1043 2199 1172 2282 Antiph.
1199 2199 1270 2262 198.
1303 2197 1365 2281 τὴν·

121 2289 262 2371 δίφορον
284 2296 394 2372 συκῆν.
416 2289 571 2374 Theophr.
596 2288 635 2353 de
659 2288 692 2353 0.
718 2286 766 2353 Pl.
793 2288 831 2352 V.
859 2291 885 2352 1.
910 2290 940 2352 6.
967 2289 1078 2369 ὥσπερ
1105 2288 1159 2351 καὶ
1182 2288 1201 2351 ὁ
1224 2293 1288 2351 τῶν
1313 2287 1358 2351 δι-

120 2379 240 2461 φόρων
272 2383 383 2442 συκῶν
414 2378 597 2461 λεγομένων
628 2379 763 2461 καρπός.
799 2377 840 2444 Η.
870 2379 917 2443 Pl.
944 2379 969 2442 I.
1000 2380 1050 2441 14.
1081 2378 1109 2440 1.
1145 2377 1259 2460 μηλέαι
1295 2382 1360 2441 τῶν

122 2468 279 2551 διφόρων.
303 2467 395 2532 Ρ1101.
421 2468 471 2530 97.
495 2473 577 2532 σῦκα
601 2473 665 2532 τῶν
689 2468 840 2552 διφέρων.

216 2558 289 2619 711.
313 2557 479 2643 βαδιστέον
501 2557 570 2640 τᾶρ’
594 2557 675 2622 ἐστὶν
699 2559 742 2629 εἷς
765 2557 891 2641 ἀγορὰν
914 2552 1000 2640 ἐμοί]
1025 2556 1070 2620 01.
1093 2555 1172 2620 Ran.
1197 2557 1271 2620 656.

215 2648 289 2710 713.
313 2645 522 2732 κηρύκαιναν]
547 2645 600 2712 Sic
621 2649 808 2730 μαγείραινα
833 2648 925 2712 Pher.
951 2647 1003 2730 64,
1026 2647 1056 2710 4.

216 2737 290 2800 719.
314 2737 363 2801 ἵνα
387 2736 447 2821 τί;]
472 2735 517 2800 01.
541 2736 620 2801 Plat.
644 2737 737 2822 Apol.
762 2739 803 2801 26
822 2737 853 2801 0.
878 2739 928 2800 ἵνα
951 2736 980 2799 τί
1000 2739 1095 2799 ταῦτα
1118 2735 1233 2818 λέχεις;

216 2827 289 2889 720.
313 2823 420 2910 αὗται]
445 2824 627 2890 Choreutae.

135 2933 138 2943 “
216 2916 290 2978 724.
314 2914 520 2999 κατωνάκας]
545 2915 592 2979 01.
613 2914 912 2998 Lys.1151.1155.
935 2915 1053 2979 Herod.
1070 2913 1110 2978 II.
1127 2915 1179 2977 42.
1202 2913 1238 2978 τὸ
1261 2915 1361 2985 νάκος

123 3011 178 3068 τοῦ
204 3010 307 3088 κριοῦ.
376 3004 431 3069 τὸν
453 3004 576 3089 χοῖρον]
610 3003 655 3067 01.
679 3006 759 3069 Αο11.
785 3007 858 3070 773.
927 3001 1183 3088 ἀποτετιλμένας]
1218 3003 1262 3068 01.
1286 3002 1360 3086 Lys.

125 3096 200 3158 151.
226 3094 317 3157 δέλτα
341 3095 614 3178 παρατετιλμένας.
643 3094 735 3158 Pher.
759 3095 801 3160 Π.
825 3097 897 3160 299.
926 3094 1119 3179 ἡβυλλιῶσαι
1141 3093 1195 3157 καί
1217 3092 1254 3156 τὰ
1278 3093 1360 3176 ῥόδα

124 3208 203 3249 κεκα
225 3184 327 3266 μέναι.

205 3207 293 3338 9726.
317 3273 568 3358 ἀποβλέπωμαι]
602 3272 648 3337 01.
672 3271 755 3337 Men.
780 3275 854 3357 402,
879 3275 907 3337 5.
945 3273 983 3337 ἵν’
1007 3273 1214 3356 ἀποβλέπωσί
1247 3272 1360 3342 πάντες

125 3365 167 3436 εἷς
194 3363 231 3428 τὸ
256 3362 439 3446 Κρωβύλης
460 3362 463 3445 ]
483 3363 670 3446 πρόσωπον.
697 3363 851 3447 Theophr.
877 3361 966 3426 Char.
988 3361 1027 3425 II.
1061 3363 1104 3432 εἷς
1132 3362 1252 3425 ἐκεῖνον
1279 3361 1359 3424 ἀπο·

125 3454 256 3536 βλέπων
278 3459 343 3523 τοῖς
366 3452 471 3522 ἀλλοις
492 3453 603 3516 λαλεῖν.

216 3542 283 3605 730
300 3561 347 3623 sq.
370 3541 491 3606 Similis
518 3543 609 3605 locus
637 3546 685 3606 ost
712 3539 847 3608 Cratetis
874 3544 923 3622 14,
948 3543 1029 3624 5sq.
1063 3541 1257 3623 παρατίθου,
1285 3539 1359 3623 τρά·

126 3634 205 3706 πεζα
232 3669 274 3678 -
298 3632 408 3714 μάττε,
431 3631 619 3704 θυλακίσκε,
641 3631 646 3712 ]
671 3632 768 3714 ἔγχει,
800 3632 913 3695 κύαθε.
957 3630 1002 3694 01.
1029 3629 1220 3714 Theopomp.
1250 3631 1305 3711 32,
1333 3631 1360 3692 1.

127 3724 225 3806 χώρει
259 3720 298 3784 σὺ
332 3721 442 3804 δεῦρο,
479 3719 675 3804 Θηρικλέους
706 3720 816 3784 πιστὸν
843 3723 961 3784 τέκνον.
994 3718 1077 3783 Men.
1103 3721 1166 3782 303
1183 3718 1226 3783 Μ.
1254 3719 1362 3788 ἐπίθες

127 3812 160 3875 τὸ
183 3817 251 3893 πῦρ
275 3811 295 3893 ἡ
320 3811 467 3892 ζάκορας.
491 3809 679 3874 1411001111.
703 3812 778 3877 225.
807 3809 846 3874 σὺ
871 3810 899 3874 δ’
923 3811 942 3873 ὁ
966 3810 1171 3891 σταθμοῦχος
1199 3805 1233 3871 εὗ
1257 3809 1360 3871 κατιλ-

127 3901 242 3983 λαἰψας
266 3900 368 3982 ἄθρει.
408 3899 452 3964 01.
476 3901 557 3964 Aeh.
582 3901 655 3964 253.
684 3899 775 3970 ὅπως
802 3899 837 3963 τὸ
865 3905 986 3964 κανοῦν
1014 3898 1095 3981 καλὴ
1124 3897 1232 3968 καλῶς
1260 3899 1361 3967 οἴσεις.

128 3990 200 4056 Ραα.
226 3990 323 4053 1330.

219 4080 294 4142 732.
318 4079 536 4163 ἐντετριμμένη
574 4077 781 4162 κανηφορεῖν]
820 4078 866 4142 01.
895 4080 954 4142 Av.
987 4077 1080 4140 1551.
1117 4077 1280 4160 Hermipp.
1310 4077 1361 4138 26.

130 4169 239 4252 ὥσπερ
263 4170 298 4233 αῖ
319 4169 500 4252 κανηφόροι
522 4167 526 4252 Ι
546 4169 702 4232 λευκοῖσιν
726 4168 897 4250 δλφίτοισιν
921 4167 1164 4249 ἐντετριμμένος.

220 4259 294 4321 733.
319 4258 480 4323 0011110010
511 4257 650 4328 πολλοὺς
683 4257 732 4340 δή.
811 4258 900 4321 κάτω
926 4295 966 4302 -
991 4254 1158 4339 στρέφασ’]
1192 4253 1236 4318 01.
1270 4253 1362 4338 Soph.

132 4350 203 4412 Ant.
222 4349 295 4412 716.
312 4349 400 4412 κάτω
421 4349 425 4429 Ι
447 4349 585 4431 στρέψας
608 4346 675 4430 (τὴν
689 4348 778 4424 ναῦν]
802 4346 837 4410 τὸ
861 4346 972 4410 λοιπὸν
995 4345 1144 4427 σέλμασιν
1166 4345 1361 4408 ναυτίλλεται.

133 4437 205 4502 Ilur.
230 4437 325 4502 Here.
351 4438 445 4502 1307.
469 4437 560 4519 ἄνδρ’
585 4437 719 4500 -ἀνω
744 4438 831 4500 κάτω
855 4436 1027 4518 στρέψασα.

221 4529 296 4592 734.
320 4528 339 4611 ἡ
364 4527 463 4612 χύτρα
488 4526 574 4611 δεῦρ’
598 4526 694 4610 ἔξιθι]
719 4525 762 4590 01.
786 4525 845 4608 loq.
871 4527 966 4588 1389.
995 4524 1081 4608 δεῦρ’
1104 4522 1149 4587 ἴθ’
1173 4524 1206 4586 αί
1227 4522 1363 4587 σπονδαὶ
