3358 5194
693 413 756 458 nx
1278 394 1342 456 203

202 573 273 634 357.
298 570 446 656 Λύκειον]
471 572 517 636 01.
541 572 624 638 Xen.
648 570 732 637 Hell.
756 572 780 637 Ι.
806 573 834 635 1.
860 574 911 636 33.
973 572 1075 638 Schol.
1095 573 1225 657 Ἀχαιοῦ
1250 574 1340 658 (corr.

119 661 361 745 ΣοφοκλέουςΡ]

201 751 273 815 363.
297 750 479 837 Καλλικιῦν]
504 751 549 817 ef.
565 771 683 818 nomen
700 751 851 817 Λοοιιῶν.
905 750 1008 816 Schol.
1037 752 1106 816 ὅτι
1128 753 1163 836 (l.
1189 751 1266 817 διότι
1290 753 1342 818 vel

120 839 166 904 διὰ
187 841 236 922 τί).

201 931 265 994 364
281 951 326 1014 sq.
351 931 397 996 01.
420 932 534 996 Aeseh.
557 932 644 998 Pers.
670 933 743 996 187.
766 931 878 1015 κλήρῳ
901 931 1043 1014 λαχοῦσα
1068 937 1168 1013 γαῖαν.
1191 931 1267 996 Eur.
1290 931 1341 997 Fr.

119 1021 165 1083 40.
187 1019 277 1084 Ρ1101.
301 1041 329 1104 p.
355 1021 428 1104 169,
453 1025 481 1084 7.
508 1020 638 1105 Κλήρσς
661 1020 799 1103 Ἑρμοῦ·
827 1022 979 1104 συνήθεια
1003 1021 1128 1104 ἀρχαία.
1156 1021 1289 1104 ἔβαλλον
1312 1025 1343 1086 οἱ

118 1109 299 1193 πληροῦντες
331 1111 374 1181 εἰς
405 1110 518 1193 ὑδρίαν
550 1111 654 1182 ἐλαίας
677 1111 798 1195 φύλλον
821 1113 839 1175 ὃ
862 1110 1105 1194 προσηγόρευον
1128 1110 1260 1194 Ἑρμῆν,
1289 1111 1343 1175 καὶ

117 1204 239 1282 πρῶτον
267 1200 404 1283 έξήρουν
429 1206 536 1274 τοῦτο,
564 1200 657 1285 τιμήν
683 1208 730 1284 τῷ
757 1201 828 1284 θεῷ
854 1201 970 1284 ταύτην
998 1201 1222 1284 ἀπονέμοντες·
1250 1200 1341 1283 ἐλάγ-

118 1312 188 1370 χανε
211 1289 245 1353 δὲ
268 1290 286 1353 δ
308 1289 387 1374 μετὰ
410 1289 464 1354 τδν
487 1289 574 1354 θεόν.
612 1289 791 1374 Εὐριπίδης
814 1291 847 1354 έν
870 1298 916 1373 τῷ
939 1289 1048 1372 Αἰόλῳ
1070 1290 1264 1373 μνημονεύει
1285 1296 1342 1355 τοῦ

118 1378 211 1450 ἔθους
232 1379 356 1443 τούτου.

201 1468 274 1531 365.
297 1469 410 1552 κλήρῳ
432 1470 586 1552 ποιήσεις,
612 1468 672 1534 οἶδ’
696 1469 759 1553 ὅτι]
788 1468 872 1554 Lege
895 1469 1035 1553 κλήρους
1067 1469 1188 1543 παλεῖς,
1222 1467 1257 1533 εὖ
1281 1468 1342 1534 οἶδ’

118 1557 167 1620 ὅτι.
190 1558 283 1641 Soph.
306 1558 354 1623 El.
380 1559 452 1622 710.
476 1560 616 1643 κλήρους
639 1560 767 1643 ἔπηλαν.

201 1647 273 1711 366.
298 1649 342 1719 εἰς
363 1647 418 1711 τίν’
442 1648 597 1733 ήμέραν,·]
627 1648 671 1712 01.
696 1647 788 1733 Diog.
811 1647 845 1712 L.
869 1648 909 1712 Π.
935 1648 962 1711 5.
989 1647 1039 1710 16.
1068 1649 1111 1720 εἰς
1133 1648 1237 1732 τρίτην
1260 1649 1341 1712 ἀπο-

117 1735 281 1820 θανοῦμαι.
306 1737 398 1801 etad
423 1737 506 1802 Nub.
533 1738 627 1802 1180.

201 1828 273 1890 369.
297 1825 378 1910 κᾷτα
402 1827 479 1912 -,·]
503 1827 549 1893 01.
573 1827 651 1892 Ran.
676 1827 749 1890 647.
773 1826 827 1891 καὶ
851 1827 890 1911 δή
917 1826 1058 1901 ’πάταξα
1086 1826 1139 1890 ΔΙ.
1168 1826 1248 1910 κᾷτα
1271 1832 1343 1899 πῶς

118 1915 172 1979 οὐκ
195 1917 349 1998 ἕπταρον,·

200 2007 273 2070 371.
298 2006 343 2071 ef.
368 2007 464 2090 Vesp.
486 2008 559 2071 586.
583 2007 698 2086 ἔδομεν
720 2007 835 2091 ταύτην
859 2006 942 2078 ὅστις
964 2009 1004 2070 ἂν
1027 2008 1113 2090 ήμᾶς
1136 2007 1343 2091 ἀντιβολήσας

118 2094 271 2179 ἀναπείσῃ.
296 2093 389 2180 Soph.
412 2096 493 2160 Phil.
519 2099 591 2161 957.
684 2097 757 2160 373.
781 2095 917 2181 εὑρεθῇ]
942 2094 1001 2171 Qu.
1024 2097 1149 2180 αἱρεθῇ.

200 2186 273 2248 374.
298 2186 342 2256 εἰς
368 2185 532 2270 χοιρίδιον]
566 2186 611 2250 01.
643 2185 818 2268 Thugenid.
852 2205 932 2250 eom.
961 2185 1016 2248 IV.
1047 2186 1119 2250 539.
1152 2187 1267 2269 ᾔτησεν
1299 2188 1343 2258 εἷς

118 2273 255 2355 ὀψώνιον
286 2275 470 2358 τριώβολον.
502 2275 655 2358 Theophr.
685 2275 776 2339 Char.
805 2277 857 2339 28.
893 2282 931 2358 τῇ
969 2274 1029 2358 γὰρ
1067 2276 1182 2344 ἑαυτοῦ
1220 2277 1342 2358 γυναικὶ

117 2369 191 2445 τρεῖς
212 2363 353 2446 χαλκοῦς
376 2366 419 2435 εἰς
442 2365 528 2447 ὄψον
552 2365 671 2429 δίδωσι.

200 2454 273 2518 376.
297 2452 327 2518 ὦ
350 2451 460 2518 ὧΖεῦ
483 2453 758 2538 κεραυνοβρόντα]
782 2453 827 2518 01.
845 2454 939 2538 Vesp.
958 2456 1031 2520 323.
1055 2452 1085 2518 ὦ
1109 2453 1173 2518 Ζεῦ
1197 2454 1261 2518 Ζεῦ
1284 2479 1341 2538 με-

118 2565 153 2622 γα
195 2567 279 2607 οντα.

154 2543 274 2697 β9380.
298 2631 603 2720 ἀμαλδυνθήσομαι]
627 2632 671 2696 01.
686 2634 817 2698 Theocr.
833 2633 923 2698 XVI.
941 2634 991 2697 59.
1015 2634 1162 2717 χρήματα
1180 2633 1215 2698 δὲ
1238 2635 1341 2708 ζώον-

116 2745 161 2792 τες
182 2723 401 2804 ἀμαλδύνουσι
424 2723 600 2788 θανόντων.

200 2813 274 2875 381.
297 2811 493 2896 λακήσομαι]
525 2814 558 2876 Α
580 2813 686 2877 λακεῖν
710 2812 769 2896 (ἃ).
809 2812 853 2877 01.
879 2814 952 2876 384.
980 2813 1155 2896 λακήσεται.
1185 2813 1257 2877 382.
1286 2813 1341 2876 λα·

117 2901 211 2984 κήσης
239 2901 355 2985 (λάκης
382 2902 420 2965 σῦ
444 2908 500 2966 aut
521 2904 627 2986 potius
650 2902 764 2986 λάκης,
786 2902 879 2985 μή7].
908 2901 991 2965 Nub.
1008 2903 1082 2966 410.
1116 2902 1342 2986 διαλακήσασα.

117 2988 239 3054 Theocr.
264 2989 304 3054 ΙΙ.
330 2993 381 3053 24.
405 2992 497 3055 λακεῖ
514 2993 597 3075 μέγα
620 2993 846 3073 καππυρίσασα
872 2991 1021 3073 (δάφνα).

200 3081 276 3145 383.
299 3081 366 3144 εἰπέ
387 3080 461 3165 μοι]
487 3082 538 3145 Ad
560 3081 668 3165 plures
692 3082 826 3163 dietum,
853 3084 888 3144 ut
907 3081 943 3145 in
961 3081 1055 3144 1142.
1080 3081 1160 3145 th.
1178 3082 1251 3145 319.
1269 3083 1342 3145 328.

118 3167 204 3252 Vesp.
229 3170 305 3233 403.
338 3172 398 3233 Av.
424 3171 497 3234 366.
574 3170 693 3255 ἕστατε]
729 3170 791 3235 Pro
824 3172 980 3252 ἑστήκατε.
1020 3170 1064 3235 01.
1092 3171 1142 3234 Fr.
1166 3172 1240 3234 493.
1273 3172 1342 3254 ήρί-

118 3281 235 3340 σταμεν.
259 3258 376 3323 Eubul.
399 3259 457 3323 HI.
482 3260 555 3323 248.
580 3260 795 3343 δεδείιτναμεν,
820 3258 913 3323 Alex.
937 3258 994 3323 III.
1019 3261 1093 3322 429.

200 3350 274 3413 386.
298 3348 538 3434 κεχαρισμένον]
571 3349 812 3433 Acceptable.
853 3349 898 3413 ef.
926 3349 1010 3413 Xen.
1040 3349 1136 3414 Mem.
1164 3348 1206 3413 II.
1237 3351 1264 3412 1.
1290 3351 1340 3412 24.

117 3437 142 3497 τί
160 3439 198 3501 δν
224 3439 454 3522 κεχαρισμένον
476 3441 496 3521 ἢ
521 3441 615 3502 σιτίον
642 3441 662 3521 ἢ
686 3438 784 3503 ποτὸν
812 3436 910 3520 εῦρσί
938 3439 993 3514 ἄν,·
1021 3438 1151 3503 Theoer.
1175 3438 1265 3502 XVI.
1290 3439 1341 3503 68.

118 3525 239 3609 δίζημαι
264 3527 299 3592 δὲ
314 3528 369 3591 τίνι
384 3528 514 3592 θνατῶν
533 3529 761 3612 κεχαρισμένος
784 3528 881 3591 ένθω.
904 3526 1022 3592 Herod.
1038 3526 1063 3590 I.
1080 3529 1131 3592 87.
1155 3527 1209 3591 τὸν
1228 3527 1340 3591 Ἀπόλ-

117 3613 197 3679 λωνα
221 3617 477 3700 ἐπικαλεόμενον,
506 3619 585 3681 εἴτι
608 3618 837 3701 κεχαρισμένον
860 3618 895 3690 ἒξ
917 3617 1015 3680 αὐτοῦ
1039 3616 1208 3700 ἐδωρήθη,
1236 3640 1340 3699 παρα-

117 3711 226 3786 στῆναι.
250 3706 330 3770 Plat.
353 3706 446 3791 Resp.
469 3706 526 3770 IH.
552 3708 616 3770 394
632 3709 669 3770 A.
698 3709 731 3771 εἴ
750 3730 777 3769 τι
802 3707 933 3770 πώποτε
957 3743 998 3753 -
1022 3707 1252 3788 κεχαρισμένον
1276 3706 1340 3770 δω-

117 3794 249 3875 ρήσαιτο.
274 3794 360 3860 Griti.
384 3795 500 3860 1191).
523 3795 559 3860 τδ
582 3798 811 3881 κεχαρισμένον
835 3796 924 3878 αὐτῷ
945 3797 1037 3877 θῦμα
1061 3795 1147 3859 έλεῖν.
1171 3795 1341 3859 11011248.

116 3886 357 3968 κεχαρισμένως.
384 3884 468 3950 Xen.
491 3886 661 3970 Hipparch.
684 3887 753 3948 init.
779 3886 836 3969 ἀφ’
860 3883 907 3949 ὧν
935 3885 1024 3956 θεοῖς
1046 3887 1341 3969 κεχαρισμενώτατα

117 3972 237 4055 δρξειας
260 3975 308 4039 ἅν.

201 4065 276 4130 388.
300 4064 435 4149 φαῦλον]
458 4065 566 4128 Leve.
604 4065 651 4130 01.
674 4065 734 4129 Av.
761 4065 856 4128 1024.
882 4064 976 4127 1412.

201 4155 276 4217 390.
299 4152 502 4237 παλίγκοτος]
528 4154 572 4219 01.
596 4154 723 4218 Theoer.
739 4152 848 4218 XXII.
866 4155 916 4217 58.
940 4154 1050 4236 ἄγριος
1073 4152 1112 4228 εί,
1135 4152 1217 4236 πρὸς
1239 4153 1340 4217 πάντα

118 4243 300 4325 παλίγκοτος
323 4246 342 4326 ή
368 4242 462 4325 (ἠδ’θ]
486 4243 674 4327 ὑπερόπτης.

201 4334 276 4396 392.
299 4329 418 4418 χάρισ’]
443 4331 660 4397 01Μοαυ1111.
685 4333 758 4414 537,
782 4333 811 4396 6.
835 4331 900 4406 εῦξ’
923 4333 997 4395 ἅττα
1020 4332 1136 4415 βούλει.

202 4422 275 4485 395.
300 4421 344 4485 ef.
372 4422 451 4486 Aah.
476 4422 548 4486 675.
581 4420 611 4486 ὦ
644 4420 774 4505 Λάμαχ’
806 4424 908 4504 ήρως,
946 4426 1011 4485 τῶν
1042 4421 1155 4503 λόφων
1191 4421 1246 4485 καὶ
1276 4427 1341 4487 τῶν

119 4507 226 4592 λόχων.
252 4511 346 4576 1074.
416 4509 630 4596 Πεισάνδρου]
655 4510 784 4584 01.,Ατ.
806 4512 900 4575 1556.
925 4510 999 4595 Lye
1023 4512 1096 4575 490.
1121 4510 1233 4594 Eupel.
1258 4513 1309 4578 31.
