3358 5194
334 375 398 436 232
888 391 1003 437 ειπιοε

423 553 498 615 424.
522 551 567 616 01.
590 551 670 616 Plat.
694 551 818 616 Charm.
844 552 906 614 155
922 549 960 614 D.
985 550 1134 634 ἐνέβλεψέ
1155 549 1188 612 τέ
1209 573 1324 632 μοι-
1344 548 1506 632 ἀμήχανόν
1526 574 1548 611 τι

335 640 411 706 οἷον.
444 640 575 706 Lucian.
604 642 711 706 Amor.
741 642 791 706 29.
830 639 932 704 δεινόν
963 664 990 703 τι
1021 639 1075 702 καὶ
1107 639 1268 721 θηριῶδες
1292 675 1332 685 -
1358 638 1547 720 ὑποβλέπων.

334 728 618 794 111101111101022.
641 729 783 813 φοβερόν
804 754 832 793 τι
855 767 897 776 -
921 729 1142 812 προσβλέπων.
1167 727 1308 810 Aloiphr.
1331 726 1389 791 III.
1414 729 1465 790 21.
1486 728 1548 810 βλέ-

333 844 406 884 πων
423 819 701 991 ἷὲἔωέύέκβίιχλζὶ
709 821 956 991 -01001911111ο,
980 906 1068 971 VIII.
1086 907 1136 970 84.
1154 908 1183 969 2.
1207 906 1363 989 ὥρμησαν
1386 907 1548 990 ἐγκραγόν-

335 1023 385 1070 τες
407 999 458 1063 ἐπὶ
479 997 534 1063 τὸν
553 998 724 1082 Ἀστύοχον
747 999 827 1062 ὥστε
849 997 981 1080 βάλλειν,

423 1089 497 1151 429.
516 1086 566 1172 01.
591 1089 664 1151 856.
689 1089 728 1150 ού
752 1086 812 1170 γὰρ
836 1087 956 1170 σχέτλια
979 1086 1127 1150 πέπονθα
1151 1085 1219 1148 νυνὶ
1241 1085 1412 1168 πράγματα
1438 1110 1494 1162 -,·
1656 1123 1657 1150 1

423 1178 497 1240 435.
520 1178 562 1260 ἡκ
585 1181 649 1241 τῶν
673 1176 832 1261 γειτόνων]
865 1175 910 1240 01.
934 1174 1006 1258 Lys.
1033 1176 1104 1239 701.
1133 1175 1169 1238 ἐκ
1201 1178 1266 1238 τῶν
1299 1175 1456 1256 γειτόνων.
1484 1177 1549 1238 432.

323 1267 469 1332 0100511.
492 1265 549 1330 III.
574 1266 647 1328 286.
671 1266 690 1329 δ
712 1266 856 1348 κάπηλος
879 1265 940 1348 γὰρ
964 1266 1024 1328 ούκ
1047 1269 1112 1328 τῶν
1135 1263 1283 1346 γειτόνων
1306 1268 1363 1328 etc.

423 1356 496 1419 441.
521 1355 565 1420 01.
590 1356 663 1418 663.
689 1356 810 1418 Aelian.
835 1355 873 1417 V.
897 1354 937 1418 H.
962 1355 1020 1418 IX.
1044 1355 1094 1417 24.
1128 1353 1227 1436 σχολῇ
1260 1352 1288 1436 χ’
1312 1355 1352 1416 ἂν
1385 1351 1477 1425 οὗτος
1507 1353 1550 1418 ἐπὶ

334 1445 494 1529 χαμεύνης
516 1444 686 1529 κατεκλίθη
707 1444 751 1527 Ιί]
776 1444 923 1527 στιβάδος
945 1443 1055 1524 (com).

423 1536 497 1598 442.
521 1533 559 1618 ἧς
583 1533 642 1618 -]
676 1533 719 1598 01.
749 1533 883 1598 Monost.
914 1534 987 1596 450.
1024 1532 1132 1603 πενίας
1162 1531 1339 1615 βαρύτερον
1371 1533 1467 1598 οὐδέν
1497 1535 1550 1598 ἐστι

334 1625 473 1706 φορτίον.
497 1623 644 1687 Menand.
670 1624 742 1686 982.
767 1623 881 1705 Adesp.
908 1624 979 1686 183.

424 1714 497 1776 443.
522 1710 566 1775 01.
591 1713 674 1776 IIch.
697 1713 790 1775 1053.
813 1718 906 1776 τοῦτο
930 1711 991 1794 γὰρ
1014 1711 1135 1774 ἐκείνου
1158 1709 1194 1774 τὸ
1217 1709 1320 1774 κακδν
1343 1712 1550 1794 ἐξωλέστερον.

336 1804 429 1866 1070.
456 1802 583 1885 Antiph.
607 1800 664 1864 III.
689 1803 739 1865 86.
768 1801 879 1866 τούτου
904 1801 965 1883 γὰρ
993 1801 1087 1865 οὐδέν
1115 1801 1195 1864 ἐστιν
1218 1800 1436 1883 ἐξωλέστερον.
1467 1801 1551 1886 Diph.

334 1892 390 1955 IV.
414 1893 488 1954 415.
513 1892 573 1954 οὐκ
597 1892 677 1955 ἐστιν
700 1890 795 1955 οὐδὲν
817 1891 937 1973 τεχνίον
960 1890 1177 1973 ἐξωλέστερον.

371 2013 374 2020 ·
422 1982 496 2043 445.
521 1978 564 2043 01.
586 1979 683 2044 111110.
706 1979 764 2043 ΙΠ.
789 1981 839 2043 36.
872 1978 960 2061 παρὰ
991 1978 1073 2042 πολὺ
1103 1979 1136 2042 ἐν
1164 1987 1211 2061 τῷ
1239 1979 1307 2042 τότε
1329 1981 1550 2051 πιθανώτατος.

335 2070 467 2153 Semper
490 2069 660 2133 1ετεπολὺ
684 2090 756 2134 cum
781 2070 987 2153 superlativo,
1012 2088 1140 2152 perraro
1159 2067 1247 2150 παρὰ
1262 2067 1344 2133 πολὺ
1361 2071 1548 2152 (Anaxandr.

333 2159 391 2222 ΠΙ.
418 2159 514 2242 181),
537 2164 693 2243 usurpant
715 2160 836 2223 comici.
878 2159 914 2220 V.
939 2157 1014 2222 Lex.
1039 2178 1117 2222 com.
1141 2157 1197 2222 VI.
1221 2159 1414 2221 855-866.

423 2249 496 2312 464.
522 2247 565 2311 01.
580 2247 657 2312 Eur.
675 2248 782 2332 Suppl.
801 2249 895 2310 1120.
917 2249 947 2310 τί
967 2247 1028 2330 γὰρ
1051 2249 1091 2310 ἂν
1113 2249 1222 2329 μεῖζον
1244 2247 1332 2312 τοῦδ’
1351 2249 1393 2311 ἔτι
1407 2247 1549 2334 θνητοῖς]

324 2338 441 2408 πάθος
464 2337 603 2421 ἐξεύροις
625 2340 645 2420 ἢ
668 2339 760 2402 τέκνα
784 2337 913 2401 θανόντ’
936 2337 1112 2412 ἐσιδέσθαι,·

423 2427 497 2490 476.
521 2427 685 2510 κύφωνες]
710 2427 756 2490 01.
781 2426 854 2490 606.
879 2425 996 2490 01111111.
1015 2427 1087 2488 175.
1111 2428 1145 2489 ἐν
1167 2434 1214 2508 τῷ
1236 2426 1364 2508 κύφωνι
1385 2425 1440 2490 τὸν
1463 2428 1551 2510 αύχίυ

334 2518 426 2599 ἔχων.
450 2515 565 2580 Zenob.
582 2515 637 2579 IV.
657 2517 684 2578 7.
701 2516 736 2579 ἐκ
752 2514 869 2586 παντὸς
885 2515 981 2589 ξύλου
1002 2515 1006 2598 l
1027 2515 1143 2598 κύφων
1159 2514 1269 2598 γένοιτ’
1286 2516 1332 2579 ἄν.
1362 2515 1411 2580 De
1427 2523 1549 2582 {meentu

334 2627 362 2669 v.
386 2605 557 2669 Herodian.
581 2606 605 2669 Ι.
630 2607 681 2669 37.
706 2606 733 2668 9.

423 2695 497 2759 480.
519 2694 645 2778 τίμημ’]
669 2694 857 2758 Mulctam.
896 2692 940 2758 01.
959 2693 1051 2777 Vesp.
1070 2695 1143 2758 807.
1166 2694 1285 2777 τίμημα
1302 2693 1409 2777 κλῳὸς
1424 2696 1551 2766 σύκινος.

335 2786 408 2848 847.
431 2789 524 2866 τιμᾶν
546 2784 664 2866 βλέπω.
698 2784 811 2848 Aesch.
836 2784 865 2866 3,
891 2786 942 2846 15.
970 2784 1089 2866 τίμημα
1114 2784 1355 2866 ἐπιγράφεσθαι.
1390 2786 1440 2866 30,
1464 2788 1492 2849 4.
1514 2786 1551 2847 τί-

334 2897 427 2956 μημα
460 2874 624 2956 ἐπέθηκαν
655 2875 708 2956 (sc.
731 2879 769 2956 τῇ
793 2877 913 2956 γραφῇ)
937 2873 1049 2936 ἑκατόν
1072 2872 1213 2936 τάλαντα.
1242 2871 1333 2938 Dem.
1355 2894 1385 2958 p.
1411 2875 1483 2954 707,
1507 2876 1551 2936 25.

333 2967 483 3026 τοσοῦτον
506 2963 658 3027 ἐπιθεῖναι
680 2963 798 3045 τίμημα
822 2963 1004 3045 χρημάτων.
1032 2982 1060 3045 p.
1088 2963 1180 3025 1252.
1205 2962 1238 3025 ἐν
1260 2963 1380 3046 τιμήσει
1402 2963 1551 3047 βουλομέ-

334 3074 401 3115 νων
423 3056 487 3114 τιῖνν
512 3052 668 3116 δικαστῶν
690 3052 832 3115 θανάτου
855 3058 981 3134 τιμῆσαι
1005 3053 1093 3133 αὐτῷ
1115 3052 1168 3134 (sc.
1191 3052 1331 3135 τίμημα).

423 3142 497 3204 482.
521 3140 769 3225 ἀποχρήσουσιν]
794 3140 1006 3205 Sufficient.
1047 3139 1090 3203 0.
1107 3144 1166 3204 Av.
1185 3140 1279 3204 1603.
1303 3141 1374 3224 ἐμοί
1396 3142 1455 3224 μὲν
1478 3141 1551 3205 ἀπό-

334 3254 395 3314 χρη
419 3236 523 3294 ταῦτα.
548 3231 660 3295 Aesch.
685 3233 743 3313 Ag.
770 3232 863 3293 1574.
886 3229 979 3313 βαιὸν
1002 3230 1119 3313 ἐχούσῃ
1142 3234 1207 3293 πᾶν
1230 3230 1356 3314 ἀπόχρη
1380 3255 1444 3314 μοι.

424 3321 498 3382 483.
524 3318 569 3382 01.
588 3319 805 3404 Aristophont.
823 3320 852 3400 9,
870 3320 918 3382 10.
942 3321 1003 3382 κᾶν
1025 3319 1071 3402 μὴ
1095 3320 1286 3383 κατεσθίωσι
1308 3321 1362 3384 καὶ
1384 3320 1457 3391 τοὺς
1480 3321 1551 3384 δακ-

333 3409 459 3482 τύλους,
480 3410 485 3491 Ι
506 3409 609 3472 ἐθέλω
632 3410 814 3492 κρέμασθαι
838 3409 973 3479 δεκάκις.
997 3409 1076 3472 Plat.
1096 3407 1190 3492 Legg.
1208 3409 1248 3472 X.
1267 3411 1330 3474 908
1347 3409 1382 3473 Ε.
1407 3411 1465 3494 ούχ
1487 3409 1552 3479 ἑνός

335 3497 411 3562 οὐδὲ
435 3499 524 3561 δυοῖν
547 3499 618 3572 ἄξια
641 3499 792 3563 θανάτοιν
816 3499 1016 3580 ἁμαρτάνων.

424 3588 498 3652 485.
521 3591 541 3671 ἢ
564 3588 594 3650 τί
614 3587 773 3672 γ’ἂν--]
798 3586 841 3650 01.
857 3588 916 3669 Eq.
932 3589 1006 3651 413.
1030 3589 1050 3669 ἢ
1073 3587 1176 3670 μάτην
1200 3587 1229 3670 γ’
1248 3590 1360 3653 Ereto.
1384 3589 1467 3653 Nub.
1484 3589 1552 3651 689.

424 3679 497 3741 488.
521 3677 725 3759 μαλακὸν-
742 3676 909 3761 ἐνδώσετε]
943 3676 986 3741 01.
1012 3676 1093 3740 Plut.
1116 3676 1181 3741 Tib.
1206 3677 1337 3742 Gracch.
1363 3679 1391 3740 2.
1424 3678 1552 3761 ὁπηνίκα

333 3767 569 3848 τραχυνόμενον
593 3767 734 3830 αἴσθοιτο
757 3773 794 3850 τῇ
826 3773 980 3850 φωνῇ-
997 3766 1138 3830 ἐνεδίδου
1169 3768 1261 3830 τόνον
1292 3767 1448 3849 μαλακὸν,
1470 3765 1551 3850 ιβ-

335 3854 507 3937 ἒπραύνετο
523 3861 580 3919 etc.
597 3857 672 3919 Eur.
688 3856 765 3920 Hee.
778 3857 871 3918 1230.
895 3861 1042 3939 χρηστῶν
1057 3856 1210 3938 ἀφορμὰς
1225 3856 1370 3920 ἐνδίδωσ’
1387 3857 1435 3921 ἀεὶ
1449 3857 1551 3939 λέγων.

423 3945 497 4007 493.
521 3947 677 4028 χρήσιμον
693 3947 735 4016 είς
751 3947 836 4008 ἅπαν
852 3945 957 4028 ἔργον]
983 3945 1029 4009 01.
1046 3944 1134 4008 Paul.
1151 3945 1247 4029 Epist
1263 3945 1451 4010 1111111111.
1467 3953 1493 4008 2.
1504 3946 1551 4007 21.

424 4034 499 4097 404.
524 4033 568 4098 01.
593 4035 674 4100 Men.
694 4034 748 4098 IV.
767 4036 816 4097 93.
841 4034 959 4117 τυφλὸν
982 4035 1001 4097 ό
1024 4035 1167 4104 πλοῦτος.
1192 4034 1305 4119 Amph.
1328 4034 1387 4099 ΙΙΙ.
1412 4037 1482 4099 310.
1504 4058 1550 4097 τυ-

334 4122 415 4204 φλὸς
438 4124 456 4186 ὁ
479 4123 625 4194 Πλοῦτος
648 4123 727 4187 εἶναί
746 4148 802 4206 μοι
826 4125 921 4187 δοκεῖ.

425 4213 497 4275 503.
522 4213 617 4296 αὐτὰ]
643 4214 686 4276 01.
710 4214 788 4276 Rau.
816 4214 909 4276 1025.
937 4213 1003 4275 ἀλλ’
1027 4213 1101 4294 ύμῖν
1129 4214 1195 4276 αὔτ’
1219 4214 1293 4296 ἐξῆν
1315 4213 1423 4278 άσκεῒν
1446 4218 1496 4297 (sc.
1518 4211 1551 4275 τὰ

334 4300 504 4384 πολεμικὰ,
529 4303 614 4383 quod
638 4303 894 4367 subaudiendum
917 4322 959 4365 ex
980 4321 1082 4384 praec.
1106 4303 1142 4366 ἐκ
1164 4308 1220 4365 τοῦ
1243 4302 1406 4385 πολέμου).
1430 4303 1551 4367 Lucian.

335 4391 408 4454 Var.
418 4391 457 4454 V.
471 4391 512 4455 H.
527 4391 566 4455 II.
579 4393 628 4455 37.
652 4392 689 4454 τὰ
713 4392 806 4455 πλοῖα
824 4391 852 4453 δ’
869 4393 976 4474 ἔχουσι
990 4392 1112 4474 μεγάλα
1128 4391 1342 4456 κολοκύνθινα
1355 4430 1409 4454 -.
1433 4390 1551 4457 ἐπειδὰν

338 4479 398 4563 γὰρ
421 4483 607 4564 ξηρανθῶσι
634 4482 687 4564 (sc.
712 4482 745 4544 αῖ
766 4481 988 4564 κολοκύνθαι),
1015 4481 1214 4553 κοιλάναντες
1242 4481 1339 4566 οὗτὴν
1363 4483 1551 4566 ἐμπλέουσιν.
