3460 5196
328 389 369 450 42
900 408 979 453 avos

419 567 490 628 171.
516 565 562 630 01.
587 565 672 632 ΕοοΙ.
700 568 771 630 189.
795 566 833 650 νὴ
856 566 913 650 τὴν
931 566 1121 650 Ἀφροδίτην
1144 566 1179 632 εὖ
1204 592 1238 650 γε
1260 567 1387 650 ταυταγί
1409 569 1514 650 λέγεις.

419 657 490 720 174.
515 655 648 720 0111111.
660 655 766 741 Suppl.
779 657 851 719 547.
875 658 986 721 σκαιόν
1003 681 1037 738 γε
1052 658 1224 739 τάνάλωμα
1241 663 1295 741 τῆς
1311 658 1456 740 γλώσσης
1471 657 1554 721 τάδε.

419 745 481 807 175
497 765 542 827 sq.
567 745 611 809 cf.
636 746 757 810 similes
780 747 866 810 locos
889 747 947 827 Eq.
974 747 1036 809 162
1053 766 1098 830 sq.
1125 748 1187 810 173
1203 766 1248 830 sq.

419 835 490 896 177.
515 834 559 898 01.
583 834 667 908 Nub.,
692 838 764 899 259.
788 835 851 899 εἶτα
876 836 915 919 δὴ
939 837 969 898 τί
988 836 1152 918 κερδανῶ,·

418 924 490 987 179.
514 922 560 987 01.
576 925 671 1008 Vcsp.
688 927 761 989 858.
786 925 838 1007 ἡδί
862 925 897 988 δὲ
921 925 959 1008 δὴ
983 926 1027 996 τίς
1049 926 1145 1002 ἐστιν,·
1169 925 1240 1008 οὐχί
1262 924 1445 1008 κλεψύδρας
1468 926 1553 989 Nub.

328 1014 400 1076 201.
425 1012 471 1076 Pl.
497 1012 569 1075 261.
638 1013 751 1097 πόλος]
781 1014 827 1079 01.
852 1014 925 1077 Eur.
950 1014 998 1078 rr.
1025 1016 1099 1097 903,
1124 1017 1152 1078 3.
1179 1015 1323 1098 βάσομαί
1347 1015 1378 1078 τ’
1397 1017 1440 1086 εἰς
1462 1017 1552 1079 αἰδέ-

327 1126 395 1185 ριον
418 1101 518 1165 πόλον
542 1102 659 1185 άρδείς.
684 1104 820 1184 836,Ῑο
846 1105 960 1168 Aesch.
972 1104 1077 1168 Prom.
1087 1106 1161 1168 430.
1177 1105 1310 1168 Timoth.
1325 1103 1373 1167 Fr.
1388 1105 1435 1167 11.
1452 1105 1554 1168 πόλον

327 1192 484 1273 οὐράνιον.
509 1192 588 1256 Plat.
611 1193 687 1256 Tim.
712 1195 754 1256 40
772 1194 806 1256 Β.
831 1200 956 1276 γῆν-
979 1194 1161 1277 είλλομένην
1188 1193 1261 1276 περί
1282 1192 1337 1264 τὸν
1361 1192 1412 1258 διὰ
1435 1193 1554 1264 παντὸς

326 1281 425 1343 πόλον
448 1282 622 1363 τεταμένον.
661 1283 830 1367 Euripides
853 1284 1021 1366 scripserat
1043 1283 1097 1347 τὸν
1119 1283 1310 1348 Ἀτλάντειον
1337 1289 1467 1366 τηροῦσι
1490 1284 1552 1346 πό-

326 1371 390 1444 λον,
414 1375 450 1433 ut
473 1377 596 1435 constat
618 1391 660 1436 ox
684 1372 779 1436 Clam.
804 1373 896 1436 Alex.
922 1373 1034 1437 Strom.
1058 1374 1097 1435 V.
1123 1374 1186 1436 563
1202 1372 1240 1436 D.

418 1460 490 1523 187.
515 1461 548 1523 έν
570 1462 661 1544 μέσῳ
672 1500 713 1508 --
728 1460 800 1545 γῆς]
826 1462 870 1525 01.
888 1463 970 1526 Xan.
988 1462 1047 1525 An.
1064 1461 1120 1526 ΙΙΙ.
1141 1464 1167 1525 1.
1185 1464 1213 1524 2.
1237 1462 1375 1545 ποταμοί
1399 1462 1433 1526 δὲ
1458 1463 1551 1544 διεῖρ-

327 1573 383 1632 γον
416 1548 579 1632 ἀδιάβατοι
610 1552 643 1614 έν
674 1553 764 1634 μέσῳ
796 1558 851 1634 τῆς
883 1552 993 1615 οἴκαδε
1024 1552 1112 1616 ὁδοῦ.
1151 1551 1251 1616 Plena
1279 1553 1471 1616 constructio
1505 1557 1554 1616 cst

326 1637 409 1701 Xon.
433 1639 536 1702 Anah.
561 1640 598 1702 V.
625 1642 652 1704 3.
678 1642 728 1703 27.
761 1646 826 1722 πῦρ
858 1642 892 1704 ἐν
923 1641 1014 1724 μέσῳ
1051 1642 1174 1705 ἑαυτῶν
1210 1640 1264 1705 καί
1299 1646 1364 1705 τῶν
1390 1641 1553 1722 πολεμίων

325 1727 542 1811 ποιησάμενοι.
581 1729 626 1794 01.
650 1729 726 1794 Eur.
749 1729 799 1793 Fr.
823 1732 896 1793 451.
929 1730 964 1794 τὸ
993 1729 1021 1794 δ’
1045 1731 1079 1794 έν
1105 1732 1196 1814 μέσῳ
1224 1737 1280 1795 τοῦ
1303 1729 1329 1793 τ’
1353 1731 1492 1813 ούρανοῦ
1519 1755 1553 1794 τε

326 1817 380 1881 καί
403 1817 524 1899 χδσνδς
545 1819 548 1896 t
569 1819 648 1901 χάος
669 1820 729 1900 μὲν
753 1819 964 1902 ὀνομάζουσιν
988 1820 1045 1902 (ita
1067 1819 1198 1902 Valet).

418 1908 489 1970 189.
513 1907 676 1993 Πυθῶδε]
706 1909 749 1973 01.
772 1909 891 1973 Herod.
914 1909 938 1972 1.
964 1911 1014 1972 54.
1042 1911 1175 1992 πέμψας
1197 1911 1229 1980 ές
1252 1908 1372 1974 Πυθώ.
1443 1907 1553 1974 δίοδον

327 1995 517 2084 αἰτούμεθα]
542 1997 586 2062 01.
612 1999 760 2064 Aeschin.
784 2019 812 2082 p.
839 2000 889 2080 75,
914 2000 942 2061 9.
967 1999 1075 2062 δίοδον
1098 2000 1191 2063 αἰτεῖν
1214 1999 1264 2062 ἐπί
1291 1999 1454 2063 Φίλιππον.

417 2087 489 2151 191.
513 2088 558 2153 01.
582 2087 675 2172 Vesp.
701 2090 795 2151 1099.

419 2178 490 2241 193.
516 2177 560 2241 01.
585 2178 624 2240 ad
648 2178 741 2260 Vesp.
768 2179 839 2241 125.
863 2177 958 2241 Thuc.
984 2177 1053 2240 VII.
1080 2180 1129 2240 32.
1163 2179 1279 2261 πέμπει
1312 2177 1344 2249 ἒς
1371 2183 1435 2241 τῶν
1457 2177 1551 2242 Σικε-

328 2266 394 2330 λῶν
417 2266 490 2338 τοὺς
512 2267 568 2349 τὴν
593 2265 700 2330 δίοδον
724 2269 852 2350 ἔχοντας
877 2303 918 2313 -
943 2267 1033 2337 ὅπως
1059 2267 1105 2350 μὴ
1131 2268 1341 2350 διαφρήσουσι
1362 2267 1436 2338 τοὺς
1458 2267 1552 2331 πολε-

326 2357 419 2438 μίους
442 2355 519 2420 ἀλλὰ
544 2357 769 2439 ξυστραφέντες
796 2357 976 2420 κωλύσουσι
1000 2356 1147 2420 διελθεῖν
1170 2395 1213 2402 -
1233 2357 1468 2440 Ἀκραγαντῖνοι
1491 2355 1552 2439 γάρ

327 2446 387 2508 οὐκ
412 2446 558 2510 ἐδίδοσαν
582 2446 633 2509 διὰ
656 2453 710 2529 τῆς
733 2447 856 2510 ἑαυτῶν
879 2445 965 2510 ὁδόν.

418 2536 481 2598 194
497 2555 542 2618 sq.
567 2533 610 2597 01.
635 2536 674 2598 ad
698 2535 770 2618 Lys.
796 2536 868 2599 917.
897 2535 991 2598 Hom.
1016 2536 1051 2599 11.
1079 2536 1127 2618 10,
1153 2536 1225 2598 329.
1261 2537 1310 2619 14,
1335 2537 1375 2599 36
1393 2555 1438 2619 sq.
1468 2535 1552 2600 Nub.

328 2625 400 2687 627.
423 2624 470 2708 μδ
493 2624 529 2688 τδ
552 2623 657 2698 Χάος,
680 2625 726 2708 μδ
750 2625 804 2688 τὸν
822 2625 915 2708 Ἀέρα
939 2625 1115 2706 (Αἰδέραί).
1145 2626 1217 2688 296.
1241 2624 1287 2706 μά
1312 2632 1379 2708 γῆν,
1402 2624 1449 2707 μὰ
1472 2627 1553 2708 κρή-

327 2739 396 2789 νας,
428 2714 474 2797 μά
498 2714 675 2796 ποταμοὺς,
707 2714 753 2798 μὰ
777 2716 910 2796 νάματα.
942 2714 1070 2778 Timocl.
1095 2717 1146 2778 38.
1213 2714 1364 2798 παγίδας]
1389 2714 1435 2779 01.
1461 2715 1553 2778 Alex.

328 2805 378 2867 66.
402 2811 465 2874 τοῖς
492 2805 597 2885 ἄρτοις
625 2804 727 2885 ὅσας]
752 2805 850 2868 ίστᾶσι
877 2804 1013 2885 παγίδας
1041 2805 1071 2867 σί
1097 2805 1291 2886 ταλαίπωροι
1317 2805 1434 2888 βροτοί.
1468 2803 1553 2868 Man.

328 2894 401 2975 689,
427 2896 455 2956 2.
479 2895 684 2976 κεκρυμμένη
708 2900 804 2958 κεῖται
827 2894 920 2976 παγίς
943 2899 1006 2963 τοῖς
1028 2893 1168 2976 πλησίον.
1208 2893 1333 2958 Charax
1350 2894 1433 2976 apud
1449 2891 1554 2956 Schol.

328 2981 410 3046 Nub.
436 2983 509 3046 508.
542 2983 560 3046 ό
589 2983 624 3047 δὲ
651 2983 788 3066 παγίδας
816 2985 950 3066 ἔστησεν,
979 2983 1028 3052 αίς
1055 2982 1235 3064 περιπεσὼν
1258 2983 1442 3066 Ἀγαμήδης
1465 2983 1554 3045 ἀναι-

327 3078 431 3153 ρεῖται.
470 3071 515 3136 01.
540 3073 612 3135 527.

418 3162 489 3224 195.
512 3161 557 3244 μὴ
589 3161 646 3244 ’γὼ
676 3162 801 3246 ’νόησα]
835 3161 877 3225 cf.
906 3161 984 3224 Rau.
1014 3163 1086 3225 508.
1120 3161 1203 3225 Eool.
1234 3162 1327 3224 1000.
1367 3160 1425 3237 Qu.
1458 3163 1555 3226 οὔπω

329 3249 446 3333 ’νόησα
479 3249 562 3315 Nub.
587 3252 660 3314 627.
692 3251 738 3333 μὰ
770 3251 827 3334 τὴν
854 3251 1032 3334 Ἀναπνοὴν
1057 3290 1097 3296 -
1122 3251 1182 3314 οὐκ
1214 3249 1299 3314 εἶδον
1331 3251 1433 3320 οὕτως
1460 3250 1554 3333 ἄνδρ’

326 3341 478 3422 ἄγροικον
502 3341 625 3404 οὐδένα.
694 3339 910 3423 κομψότερον]
935 3340 1056 3404 0115.
1082 3342 1132 3403 93.
1156 3340 1289 3423 κομψὸν
1311 3339 1346 3404 τδ
1369 3345 1512 3423 πρᾶγμα.

417 3431 490 3493 204.
515 3428 560 3493 01.
584 3431 698 3494 Aesch.
714 3430 806 3492 Eum.
826 3431 897 3493 140.
922 3431 1036 3494 ἀνίστω
1060 3428 1305 3493 κάπολακτίσασ’
1328 3431 1454 3511 ὕπνον]
1475 3431 1555 3494 raa-

326 3519 402 3600 μεθ’
426 3521 500 3582 εἴτι
517 3557 571 3583 -.
596 3519 725 3584 Hesiod.
746 3518 802 3602 Op.
820 3519 894 3582 446.
918 3517 978 3582 εὖτ’
1003 3521 1042 3582 ἂν
1066 3519 1200 3601 γεράνου
1224 3519 1338 3602 φωνὴν
1361 3519 1555 3602 ἐπακούσῃς.

416 3610 489 3672 205.
513 3609 680 3672 δεύσονται
704 3608 834 3691 δρόμῳ]
859 3609 904 3674 01.
928 3608 985 3690 Eq.
1010 3611 1083 3672 485.
1107 3608 1214 3672 δεύσει
1237 3607 1297 3691 γὰρ
1321 3611 1408 3690 ᾄξας.

417 3699 489 3761 209.
514 3698 667 3783 σύννομε]
685 3698 730 3762 01.
749 3698 842 3761 1756.
859 3698 944 3781 φύλα
961 3697 1061 3760 πάντα
1078 3697 1255 3778 συννόμων.
1273 3699 1402 3782 Antiph.
1416 3699 1489 3780 217,
1503 3699 1556 3762 17.

327 3789 348 3870 ἥ
375 3810 406 3850 τε
439 3788 597 3870 σύννομος
626 3825 666 3834 -
695 3789 810 3871 σηπίας
839 3825 880 3833 -
907 3789 1020 3858 τευδίς.
1053 3787 1128 3850 Eur.
1156 3785 1204 3850 El.
1231 3789 1325 3850 1309.
1358 3785 1386 3851 ὦ
1419 3787 1558 3869 σύγγονέ

326 3901 382 3958 μοι
405 3878 531 3957 (μσυῗ).
556 3875 649 3961 Soph.
673 3880 747 3940 Ant.
772 3879 846 3940 451.
870 3879 889 3960 ἡ
914 3877 1060 3950 ξύνοικος
1083 3882 1147 3940 τῶν
1170 3878 1258 3940 θεῶν
1281 3876 1369 3959 Δίκη.
1399 3877 1454 3940 Ph.
1479 3879 1556 3941 203.

327 3965 437 4048 φωτὸς
460 3966 646 4048 σύντροφος.
670 3966 785 4031 Eubul.
811 3969 861 4049 75,
882 3969 910 4029 2.
933 3967 1079 4050 τηγάνων
1097 4004 1136 4011 --
1154 3967 1316 4049 σύντροφα
1339 3966 1555 4049 μειρακύλλια.

345 4049 349 4058 ’
418 4057 543 4138 210sq.
568 4055 614 4119 01.
640 4058 703 4119 744
720 4076 765 4138 sq.

417 4145 490 4207 210.
513 4145 621 4230 λῦσον]
650 4146 708 4223 Qu.
732 4152 855 4228 χεῦσον.
895 4145 939 4210 01.
963 4145 1055 4209 Hom.
1081 4144 1137 4208 Od.
1165 4147 1214 4225 19,
1239 4147 1311 4209 521.
1344 4144 1437 4227 θαμὰ
1468 4168 1555 4226 τρω-

325 4238 421 4296 πῶσα
445 4235 521 4316 χέει
543 4235 705 4318 πολυηχέα
721 4236 843 4318 φωνάν.
868 4242 900 4299 et
921 4253 1049 4298 vorsum
1066 4236 1151 4318 apud
1168 4236 1282 4298 Athon.
1300 4233 1407 4298 6220.
1431 4234 1556 4298 ἁπλοῦν

328 4321 457 4405 ῥυδμδν
480 4325 630 4405 χέοντες
653 4325 752 4406 αἰόλῳ
775 4325 868 4405 μέλει.

417 4415 490 4474 212.
506 4413 600 4497 Ἰτυν]
618 4413 660 4477 01.
678 4415 752 4477 Eur.
766 4414 813 4477 rr.
829 4416 901 4492 773,
912 4415 962 4477 26.
978 4415 1088 4496 μέλπει
1104 4414 1184 4478 δ’-
1197 4413 1309 4497 ἀηδὼν
1325 4413 1481 4496 ἁρμονίαν
1496 4413 1554 4495 ὀρ-

326 4503 508 4586 θρευομένα
522 4505 729 4585 (οἰκτιζομένα
736 4505 763 4584 7]
780 4503 866 4586 γόοις
874 4502 956 4567 Ἴτυν
968 4502 1050 4567 Ἴτυν
1065 4504 1271 4587 πολύθρηνον
1283 4503 1554 4590 (πολυδρήνοιςῗ).
