3440 5196
600 427 771 476 comceenm
793 434 975 482 FRAGMENTA

719 589 852 657 Leuce.

614 713 649 794 (Ι.
675 716 746 778 703.
772 717 820 780 ed.
844 719 956 802 Kock.)

266 806 292 887 1,
318 809 344 869 2.
368 812 564 899 τάκπώματα
581 823 793 909 κατεδήδοκε]
815 825 934 901 Quidni
950 833 1164 916 κατεδήδοκεν
1180 837 1399 921 τάκπώματαέ

672 984 888 1054 Menander.

618 1109 686 1188 (ΠΙ.
712 1114 739 1175 3.
764 1113 812 1177 ed.
836 1114 947 1199 Kock.)

259 1219 309 1300 05,
334 1222 362 1284 6.
387 1223 471 1310 Lege
494 1233 537 1301 εἰς
559 1235 695 1317 πέλαγος
718 1238 864 1321 ἐμβαλεῖς
887 1243 1018 1307 σεαυτὸν
1041 1245 1108 1328 (pre
1132 1247 1229 1311 αὑτὸν
1252 1251 1398 1333 ἐμβαλεῖς

169 1303 242 1386 γάρ)
265 1315 470 1394 πραγμάτων.

258 1399 309 1460 88.
332 1404 460 1483 μεθέντι
484 1446 526 1454 -
550 1410 657 1497 λόγον]
691 1416 736 1480 Cf.
766 1416 860 1502 Soph.
886 1420 920 1485 Ο.
937 1420 973 1484 R.
1000 1424 1073 1487 784.
1105 1434 1153 1508 τῷ
1183 1428 1310 1508 μεθέντι
1342 1429 1396 1493 τὸν

167 1482 272 1565 λόγον.
339 1493 495 1582 μεθέντα]
519 1498 634 1565 Nonne
656 1506 805 1586 μεθέντιΡ

257 1577 308 1658 94,
334 1582 361 1641 1.
385 1584 673 1676 εὐκαταφρόνητον]
698 1593 756 1670 Qu.
780 1599 1065 1684 εὐκαταφρόνητος.
1463 1639 1464 1644 ’

257 1666 307 1728 98.
330 1670 464 1754 βουβὼν
497 1678 641 1764 ἐπήρθη]
678 1682 722 1746 Of.
747 1688 843 1750 Arist.
868 1689 962 1773 Vesp.
988 1693 1060 1755 277.
1095 1693 1218 1757 Aelian.
1242 1694 1340 1778 Epist.
1366 1700 1394 1759 2.

164 1751 273 1830 φελλεῖ
297 1756 437 1842 ἐπέκοιμε
465 1765 701 1852 (προσέκστμελ)
725 1773 759 1838 τὸ
792 1778 903 1849 σκέλος
932 1817 974 1824 -
1002 1782 1056 1844 καί
1092 1784 1225 1866 βουβὼν
1257 1786 1394 1869 ἐπήρθη.

208 1841 317 1925 θέρμα
342 1885 384 1894 -
408 1852 560 1938 ἐπέλαβεν
587 1860 694 1945 αὐτόν]
729 1862 773 1926 Cf.
796 1865 890 1930 Thue.
914 1867 956 1932 II.
982 1872 1032 1932 49.
1061 1872 1181 1954 θέρμοι
1209 1875 1335 1956 ἰσχυραὶ
1352 1914 1392 1922 -

162 1929 216 1992 καὶ
240 1933 402 2017 φλόγωσις
425 1942 583 2028 ἐλάμβανε
606 1948 675 2032 (leg.
700 1953 916 2038 ἐπελάμβανε).
940 1959 1091 2042 Hippoer.
1115 1960 1156 2024 ΙΙ.
1181 1983 1208 2044 p.
1234 1965 1307 2026 217.

255 2022 327 2106 100,
351 2029 380 2090 2.
404 2037 616 2116 ποιουμένους
638 2051 789 2125 περιορᾷς
812 2047 935 2128 γάμους
959 2051 1099 2135 σεαυτῷ]
1129 2050 1173 2114 ef.
1197 2050 1247 2115 Fr.
1273 2052 1392 2118 Genev.

161 2125 191 2168 v.
217 2111 244 2170 7.
270 2119 476 2197 γιγνομένους
498 2124 560 2208 ἤδη
586 2129 708 2210 γάμους
729 2131 733 2215 Ι
753 2135 989 2219 καταλαμβάνω
1012 2163 1077 2220 μοι.

252 2201 327 2285 290,
354 2207 383 2267 1.
407 2211 502 2275 οὐδὲν
526 2217 636 2295 γένους
659 2221 749 2300 γένος
766 2223 824 2307 -]
849 2223 958 2288 Malim
975 2227 1070 2292 οὐδὲν
1093 2231 1184 2311 γένος
1208 2231 1318 2313 γένους
1335 2271 1392 2296 -.

254 2291 328 2372 292,
355 2297 383 2357 3.
402 2297 620 2390 Ὀλυμπίαισι]
645 2306 729 2394 Lege
747 2310 935 2395 Ὀλυμπίαις
957 2341 997 2380 τε.

253 2380 326 2442 303.
351 2391 408 2448 νῦν
432 2389 530 2475 ἐμοῦ]
555 2391 613 2469 QU.
636 2420 702 2478 μου
725 2400 797 2464 τάδε
821 2409 876 2467 aut
897 2407 990 2468 τοῦτό
1012 2430 1086 2489 μου.

249 2469 325 2551 427,
352 2475 378 2534 1.
403 2477 491 2562 ἀξία]
515 2481 590 2566 Leg.
614 2487 702 2550 αἰτία.
741 2489 887 2556 Solennis
911 2501 959 2558 est
981 2496 1060 2560 haee
1084 2497 1239 2563 confusio.

248 2558 323 2620 488.
347 2564 401 2625 καὶ
424 2569 504 2632 κατὰ
527 2573 696 2662 θάλατταν]
725 2578 809 2664 Lege
831 2605 863 2644 τε
886 2582 939 2647 καὶ
962 2585 1129 2650 θάλατταν.
1198 2588 1277 2652 Ibid.
1301 2592 1388 2672 μέγι·

155 2639 232 2702 οτόν
255 2645 334 2731 ἐστι]
359 2650 444 2737 Lege
467 2660 617 2727 κάκιστόν
640 2667 709 2730 ε’στι.

249 2733 324 2816 623,
349 2742 377 2803 2.
401 2750 497 2811 πᾶσιν
520 2754 647 2839 κακῶς]
671 2756 756 2841 Lege
778 2766 887 2842 πεινῆν
910 2768 1030 2833 κακῶς·

249 2821 322 2887 652.
347 2827 433 2914 Lege
457 2836 533 2901 ὅταν
555 2866 582 2904 τι
605 2848 809 2927 περιπέττωσι
831 2857 1011 2932 χρηστοῖσιν
1034 2853 1147 2935 λόγοις.
1243 2881 1248 2890 ’

246 2911 320 2976 672.
344 2922 512 3010 πταίοντα]
537 2929 620 3015 Lege
643 2936 812 3018 πάσχοντα.

246 2999 319 3062 718.
343 3004 430 3090 Lege
453 3015 483 3076 εἰ
502 3018 562 3097 μὲν
587 3021 644 3087 οὖν
666 3049 733 3088 τινα
753 3025 757 3108 Ι
778 3027 895 3110 (ἄλλον)
918 3030 1022 3112 πόρον
1045 3033 1133 3113 ἔχεις.

242 3088 316 3150 εεο.
341 3094 551 3190 ἐπιστροφὴν]
585 3110 726 3177 euram.
766 3117 900 3198 Angliee
932 3119 1071 3202 regard
1103 3122 1171 3185 for.
1221 3123 1267 3186 Of·
1296 3124 1389 3209 Soph-

149 3170 187 3232 O.
204 3173 241 3236 R.
268 3179 342 3242 134.
367 3184 468 3259 ἀξίως
493 3232 536 3244 -κ
559 3201 646 3281 τήνδ’
670 3203 780 3268 ἔθεσθ’
804 3206 1007 3290 ἐπιστροφήν·

239 3265 313 3327 887.
339 3271 528 3367 ἐξάραντες]
554 3286 602 3352 Se.
625 3292 670 3355 τὼ
694 3299 785 3374 χεῖρε·
813 3293 871 3369 QU-
895 3295 946 3359 8ἷέ
970 3299 1110 3380 &eamc-

238 3353 334 3436 1090,
360 3361 390 3422 2.
415 3363 452 3427 τε
478 3380 593 3453 αρε..
616 3381 721 3463 πάσης
744 3384 890 3466 (πάντα)
912 3393 968 3469 τῆς
991 3387 1149 3460 ἀναιδείας
1172 3392 1243 3472 ἔχει·

164 3530 179 3543 .
233 3441 381 3592 Αλὲραδὶ,
410 3453 459 3536 μὴ
485 3459 635 3549 λαμπρὸς
658 3473 706 3534 ὢν
730 3473 801 3554 (leg.
822 3474 880 3556 ὡς]
902 3481 969 3545 ταῖς
991 3477 1147 3560 χλαμύσιν
1170 3481 1217 3550 ὡς
1240 3481 1310 3564 (leg.
1331 3484 1390 3562 ὢν)

140 3547 178 3606 τῃ
201 3550 265 3610 καρ
287 3555 328 3614 ιᾳ.

636 3699 910 3770 ΓΕΩΡΓΟΣ.

487 3833 773 3923 Fragmentum
812 3849 1044 3918 Genevense.

218 3940 254 4004 V·
300 3951 331 4011 4·
357 3951 378 4013 ὁ
400 3965 646 4055 μειρακίσκος]
675 3973 852 4059 Oleaeneti,
876 3979 1001 4061 opinor,
1024 3979 1117 4043 filius.

215 4031 252 4096 V·
301 4040 328 4101 7·
354 4050 570 4128 V‘YVOW'VOUG
591 4093 651 4107 “
670 4065 852 4147 γάμους-
872 4067 945 4150 μοι]
979 4066 1023 4130 ef.
1048 4068 1097 4131 Fr.
1124 4070 1200 4152 100,
1225 4073 1252 4132 2.
1284 4074 1389 4156 μάτην

125 4125 333 4202 ποιουμένους
354 4131 361 4210 ]
382 4148 529 4220 περιορᾷς
555 4149 717 4230 γάμους
740 4165 871 4238 σεαυῑῴ,

210 4210 246 4274 V·
271 4217 320 4280 10·
347 4217 460 4300 [αὐτὸς
479 4228 507 4310 ὅ]
521 4243 695 4330 πατήρ]
720 4241 778 4319 Qu.
804 4245 913 4328 [αὐτὴν
936 4246 966 4331 ὁ]
990 4249 1103 4330 πατήρ.

208 4299 242 4363 V·
268 4305 315 4366 ῙῙ·
340 4305 423 4386 [ὑπὸ
445 4317 502 4398 ἴθι]
525 4319 678 4414 (Qvi)
709 4332 766 4416 -]
791 4334 849 4410 Qu.
874 4335 1038 4420 [ὑπὸτῆς]
1062 4338 1129 4400 νυνὶ
1153 4339 1301 4418 γυναικὸς
1319 4365 1388 4422 τρε-

120 4389 249 4471 φομένη,
283 4399 339 4454 aut
371 4391 450 4471 [ὑπὸ
476 4408 552 4490 τῆς]
613 4421 672 4484 τὰ
708 4431 765 4488 νῦν
797 4427 894 4488 αὐτοῦ
927 4426 1075 4507 γυναικὸς
1106 4429 1300 4512 τρεφομένη)
1325 4437 1390 4494 'aut

119 4468 187 4550 [ὑπὸ
209 4479 270 4560 τῆς]
289 4477 411 4556 πατρὸς
430 4493 485 4556 νυνί
501 4514 732 4588 γυναικὸς
757 4551 811 4578 -.
