3440 5196
345 347 409 416 298
558 347 563 352 '
797 364 1119 410 rflrsrornocrrzusrr

343 523 453 607 λαβὼν
485 524 682 608 ἀριστόνικον
719 525 752 588 ἒν
783 523 871 607 μάχῃ
904 523 1029 605 κρότος.
1069 523 1121 588 Sic
1149 523 1352 607 Ἀνδρομάχη
1386 524 1449 606 (ῶς
1481 523 1576 605 ἀνὺρῖ

342 615 525 697 μαχομένη)
540 615 615 678 Eur.
632 614 681 677 Fr.
701 614 796 677 1079.
865 614 921 695 τὴν
936 613 1138 697 Μαραθῶνι]
1163 612 1238 676 Sub.
1253 614 1369 696 μάχην.
1399 613 1442 676 Cf.
1459 613 1574 696 Eupol.

343 703 383 767 II.
409 705 482 766 457.
514 703 561 782 μὰ
588 705 645 786 τὴν
672 703 860 786 Μαραθῶνι
891 703 947 785 τὴν
980 704 1060 786 ἐμὴν
1082 705 1198 785 μάχην.
1232 703 1311 766 Plat.
1336 703 1430 784 Gorg.
1455 703 1519 765 516
1537 703 1574 766 Ε.

344 792 522 875 Μιλτιάδην
551 792 585 856 δὲ
612 792 666 856 τόν
695 794 728 855 ἓν
751 792 938 872 Μαραθῶνι
961 794 1005 862 είς
1031 792 1066 855 τὸ
1089 793 1259 875 βάραθρον
1284 793 1431 875 ἐμβαλεῖν
1454 793 1572 874 ε’φηφί-

344 907 449 945 σαντα.
474 883 599 945 Mencx.
624 885 686 944 241
706 885 743 944 Α.
767 882 840 952 τοὺς
863 880 1059 964 Μαραθῶνι.
1099 881 1142 944 Of.
1159 881 1217 964 Eq.
1233 882 1305 944 785.
1329 883 1378 944 ἴνα
1402 881 1447 964 μὴ
1465 882 1574 964 τρίβῃς

343 972 398 1053 τὴν
422 973 455 1034 ἒν
478 971 642 1053 Σαλαμῖνι.

433 1062 505 1123 808.
529 1066 593 1123 τῶν
616 1061 747 1142 πέρυσιν
763 1060 821 1143 -]
847 1060 891 1124 Of.
916 1059 1031 1124 Cratin.
1055 1061 1095 1124 Il.
1121 1061 1171 1122 64.
1195 1060 1251 1143 τὴν
1273 1062 1385 1142 πέρυσι
1408 1060 1538 1142 βουλήν.

433 1151 506 1213 811.
532 1149 612 1212 κατὰ
635 1152 827 1232 πεντήκοντα
851 1149 1000 1234 τάλαντα]
1030 1150 1150 1214 Eadem
1175 1149 1271 1212 verba
1294 1149 1479 1232 sunthsp.
1497 1150 1572 1211 669.
1653 1213 1662 1231 ,

343 1238 386 1302 Cf.
412 1239 468 1322 Eq.
497 1241 570 1301 435.
593 1240 726 1302 τάλαντα
750 1239 851 1303 πολλὰ
875 1241 996 1321 κλέψας
1015 1239 1204 1321 Ἀθηναίων.

433 1330 505 1390 813.
520 1328 660 1410 ’φορμὸν
683 1328 807 1411 πυρῶν]
833 1328 876 1392 01.
897 1329 944 1392 Pl.
961 1331 1035 1390 442.
1059 1328 1224 1392 11161111.
1243 1331 1314 1391 525.
1339 1328 1458 1410 φορμὶς
1481 1329 1572 1410 ι’σχά-

344 1418 419 1481 δων.
443 1418 560 1481 Herod.
587 1418 673 1480 VIII.
700 1420 750 1481 71.
774 1418 896 1500 φορμοὶ
918 1420 1058 1500 φάμμου
1082 1419 1223 1500 πλήρεες.

433 1508 507 1569 814.
530 1507 662 1591 τούτων]
686 1506 735 1571 Sc.
759 1513 823 1570 τῶν
846 1508 983 1590 άνὸρῶν.
1023 1506 1069 1570 Of.
1094 1510 1168 1570 824.

432 1598 504 1659 822.
528 1597 658 1669 τάντίον,
683 1597 701 1659 ό
724 1597 844 1681 κανὼν]
870 1597 921 1660 81ο
938 1596 1071 1680 Ephipp.
1088 1596 1145 1659 III.
1164 1598 1235 1659 330.
1259 1596 1379 1679 κωβιός
1399 1598 1573 1680 (κωβιοίΡ),

343 1686 457 1769 ἀφύαι,
481 1686 619 1767 βελόναι,
643 1693 788 1767 κεστρεῖς.
812 1693 844 1749 ct
867 1687 905 1748 ad
928 1685 1007 1748 Ran.
1034 1687 1127 1748 1525.

432 1777 505 1838 825.
528 1774 778 1858 Σαλαβακχοὺς]
804 1776 849 1839 Of.
872 1776 930 1857 Eq.
956 1776 1027 1839 765.
1051 1775 1181 1838 Κύνναν
1203 1775 1258 1838 καὶ
1280 1775 1496 1858 Σαλαβακχώ.

300 1883 302 1890 ’
431 1865 495 1926 830
512 1885 557 1946 sq.
591 1866 624 1927 ἒν
657 1866 727 1947 θίκη
753 1901 796 1909 -
821 1865 966 1949 όικαίως]
1001 1864 1046 1928 01.
1070 1864 1153 1927 Nub.
1180 1865 1327 1946 1379sq.
1366 1863 1414 1928 Dc
1448 1866 1572 1949 duplici

342 1956 381 2016 ἀν
405 1974 479 2017 cum
503 1955 641 2036 optativo
665 1954 704 2016 cf.
728 1953 800 2018 Pac.
826 1950 899 2016 321.
922 1952 994 2036 Lys.
1020 1955 1093 2016 253.

431 2043 504 2106 831.
528 2045 562 2105 ἓν
591 2043 619 2106 θ’
643 2043 910 2127 ὑπερφυέστατον]
939 2043 982 2106 01.
1006 2044 1084 2107 Rau.
1110 2044 1182 2106 611.
1211 2043 1283 2125 Lys.
1307 2064 1335 2127 p.
1362 2044 1436 2126 178,
1458 2045 1512 2106 40.
1536 2043 1572 2108 τὸ

343 2132 377 2195 δέ
401 2132 528 2196 πάντων
551 2133 814 2214 ὑπερφυέστατον.

432 2224 505 2284 834.
528 2221 675 2305 Σκίροις]
701 2221 744 2285 Of.
768 2221 853 2284 Eccl.
880 2222 928 2285 18.
954 2224 1004 2285 59.
1028 2223 1118 2286 Pher.
1144 2223 1216 2285 231.

431 2312 504 2373 835.
528 2311 665 2393 σκάφιον
688 2311 836 2394 ἀποκεκ]
861 2311 905 2375 Cf.
929 2332 958 2373 v.
982 2313 1221 2394 σκαφιόκουρος
1244 2311 1344 2393 (Phor.
1360 2333 1389 2395 p.
1407 2313 1482 2393 517,
1500 2315 1572 2394 15].

431 2402 504 2463 838.
528 2401 665 2482 σκάφιον
689 2401 966 2484 ἀποκεκαρμένην]
991 2399 1034 2464 Cf.
1060 2405 1117 2464 Av.
1143 2404 1215 2465 868.
1240 2401 1312 2483 Lys.
1336 2403 1407 2464 151.
1432 2401 1572 2465 Nicostr.
1628 2448 1633 2456 -

341 2509 420 2552 com.
439 2488 496 2553 III.
514 2490 587 2553 289.
610 2489 775 2572 μειράκιον
792 2527 833 2564 ··,
850 2491 1160 2574 ὑποσκαφιόκαρτον.
1191 2489 1284 2573 Soph.
1309 2490 1357 2553 Fr.
1382 2492 1456 2554 420.
1481 2491 1571 2554 Σκυ-

340 2579 422 2642 θιστὶ
445 2579 676 2661 χειρόμακτρον
700 2580 933 2661 ἐκκεκαρμένος
956 2580 986 2662 (1.
1004 2580 1118 2661 daton).

430 2669 504 2731 839.
527 2676 573 2750 τῷ
597 2668 657 2750 γὰρ
681 2668 765 2738 εἰκὸς
789 2668 862 2752 -,·]
888 2667 932 2737 Of.
957 2670 995 2732 ad
1020 2671 1098 2733 Ach.
1125 2670 1197 2732 703.

430 2758 503 2820 840.
527 2758 745 2840 ἠμφιεσμένην
769 2757 881 2841 λευκὰ]
916 2757 960 2820 Of.
985 2759 1065 2824 Ach.
1092 2760 1185 2822 1024.
1202 2774 1203 2778 ’
1219 2757 1333 2822 λευκὸν
1357 2759 1492 2842 ἀμπέχει
1516 2760 1571 2842 (sc.

340 2847 482 2928 ἱμάτιον).

430 2937 503 2998 841.
529 2936 572 2998 01.
602 2935 685 3000 ΕσοΙ.
716 2937 766 2998 99.
802 2936 856 2999 τὸν
893 2938 1036 3018 πώγωνά
1069 2961 1100 3000 τε
1121 2937 1125 3019 ]
1146 2938 1221 3001 ὅταν
1253 2939 1418 3019 καθῶμεν.
1454 2937 1571 3003 Oratct

339 3024 389 3088 Fr.
414 3026 465 3107 27,
490 3027 518 3087 2.
546 3025 640 3107 μέχρι
667 3031 731 3089 τῶν
759 3032 918 3108 κοχωνῶν
946 3028 1007 3106 (ἐπὶ
1030 3051 1098 3108 κοχ.
1125 3027 1221 3109 vulg.)
1248 3026 1303 3096 τὰς
1325 3027 1433 3110 τρίχας
1457 3029 1570 3092 καθει-

339 3114 439 3196 μέναι.
472 3115 554 3178 Plut.
585 3115 678 3178 Phoc.
705 3116 753 3178 10.
791 3117 935 3197 πώγωνά
967 3140 999 3180 τε
1030 3117 1221 3198 καθειμένος
1252 3117 1403 3197 ὑπερφυῆ
1439 3119 1572 3198 μεγέθει

339 3203 393 3266 καὶ
415 3204 553 3286 τρίβωνα
578 3209 692 3286 φορῶν
716 3211 773 3266 etc.
797 3205 1014 3286 Nynrphcdor.
1039 3206 1122 3288 apud
1147 3206 1243 3269 schol.
1269 3205 1361 3288 Soph.
1386 3205 1421 3269 0.
1440 3205 1472 3268 0.
1496 3209 1571 3270 337.

339 3293 394 3363 τὰς
429 3293 463 3356 δὲ
496 3300 646 3375 γυναῖκας
679 3294 796 3356 ἀνιέναι
828 3296 1025 3376 (καθιέναιΡ)
1057 3295 1111 3365 τὰς
1143 3297 1249 3377 τρίχας
1272 3295 1454 3376 προσέταξε.
1490 3297 1571 3360 Ach.

342 3383 435 3445 1069.
458 3381 513 3452 τὰς
532 3383 636 3464 ὀφρῦς
652 3383 848 3452 ἀνεσπακώς.
873 3382 1004 3466 Ephipp.
1024 3386 1073 3466 14,
1092 3386 1118 3445 7.
1143 3383 1177 3447 εὑ
1202 3384 1230 3446 θ’
1253 3384 1441 3454 ὑποκαθιεὶς
1465 3385 1570 3468 ἄτομα

339 3473 498 3554 πώγωνος
529 3472 626 3554 βάθη.
661 3471 827 3536 Philetccr.
851 3472 908 3535 III.
934 3474 1006 3536 300.
1040 3474 1122 3555 ἀμφὶ
1160 3474 1195 3537 ὑὲ
1226 3479 1290 3542 τοῖς
1321 3473 1367 3554 (P)
1389 3473 1394 3554 Ι
1414 3474 1571 3555 στέρνοισι

340 3562 533 3643 (σφυροῖσιῖ)
567 3567 671 3642 φᾶρος
704 3563 742 3624 οὑ
774 3563 939 3644 καθήσεις,
977 3560 1005 3625 ῶ
1034 3564 1137 3636 τάλαν,
1163 3587 1221 3638 -,·
1254 3563 1329 3626 Eur.
1352 3562 1468 3626 Bacch.
1495 3565 1570 3627 695.

339 3651 493 3714 καθεῖσαν
525 3652 568 3720 είς
600 3652 711 3732 ῶμους
742 3651 855 3733 κόμας.
888 3651 954 3733 Iph.
978 3653 1009 3714 Τ.
1036 3653 1085 3713 51.
1114 3654 1149 3714 ἐκ
1175 3651 1203 3714 θ’
1227 3653 1407 3734 ἐπικράνων
1431 3652 1539 3734 κόμας
1565 3650 1568 3740 ]

339 3739 461 3813 ξανθὰς
484 3741 637 3802 καθεῖναι.
662 3740 790 3804 Theocr.
810 3742 859 3821 15,
877 3742 927 3803 85,
951 3747 1071 3821 πρᾶτον
1095 3742 1201 3804 ἴουλον
1225 3741 1289 3804 ἀπὸ
1313 3742 1490 3822 κροτάφων
1509 3766 1569 3805 κα-

338 3829 510 3912 ταβάλλων.
537 3829 677 3909 16134.
701 3830 833 3892 λόσασαι
858 3830 892 3894 δὲ
915 3831 1021 3911 κόμαν
1036 3831 1090 3894 καὶ
1106 3831 1155 3893 ε’πὶ
1171 3831 1278 3912 σφυρὰ
1294 3831 1416 3893 κόλπον
1440 3832 1569 3895 ἀνεῖσαι.

338 3918 428 3982 Dem.
454 3918 504 3999 19,
530 3920 602 3980 314.
634 3920 801 4000 θοίμάτιον
829 3920 940 3989 καθείς
972 3921 1045 4002 ἄχρι
1072 3927 1136 3982 τῶν
1164 3925 1306 4000 σφυρῶν.
1335 3920 1414 3983 Plat.
1440 3919 1513 4001 Lys.
1541 3922 1569 3984 1.

338 4008 480 4089 πώγωνα
514 4009 607 4070 καθει
644 4009 743 4089 μένου
777 4016 927 4089 γενναῖον.
961 4009 1089 4072 Lucian.
1121 4009 1157 4072 I).
1182 4008 1219 4072 D.
1244 4008 1282 4072 V.
1307 4012 1336 4071 2.
1369 4009 1388 4071 ό
1421 4012 1568 4092 πώγωνα

338 4097 519 4180 τηλικοῦτον
542 4098 741 4179 καθειμένος.
770 4097 861 4161 Dion.
881 4097 965 4160 Cass.
991 4099 1042 4179 62,
1066 4102 1094 4160 2.
1127 4100 1183 4181 τήν
1214 4123 1245 4161 τε
1277 4099 1383 4181 κόμην
1406 4137 1450 4144 -
1473 4100 1569 4181 μέχρι

337 4192 401 4250 τῶν
425 4187 566 4268 γλουτῶν
589 4188 726 4250 καθεῖτο.
752 4187 921 4251 Musonius
938 4188 1021 4251 Stob.
1040 4189 1068 4267 6,
1087 4190 1136 4250 62.
1160 4186 1196 4250 τὰ
1219 4189 1279 4270 μέν
1302 4212 1367 4251 τινα
1391 4189 1475 4271 μέρη
1492 4189 1567 4252 πλέ-

337 4300 430 4339 κουσι
456 4281 520 4339 τῶν
547 4282 672 4360 τριχῶν,
700 4276 736 4338 τὰ
767 4276 801 4340 ὑὲ
828 4278 966 4339 καθιᾶσι.
1006 4276 1107 4341 Schcl.
1135 4277 1212 4340 Ran.
1239 4278 1311 4340 965.
1341 4277 1440 4349 όασὺς
1468 4278 1503 4342 δὲ
1525 4277 1569 4361 ἦν

337 4365 391 4429 καί
413 4366 518 4428 καθίει
540 4366 594 4429 τόν
617 4368 769 4448 πώγωνα.

427 4457 500 4518 844.
523 4455 560 4518 τὰ
583 4456 734 4539 χρήματ’]
759 4455 808 4518 Sc.
830 4454 867 4518 τὰ
892 4456 1016 4538 ἀρχαῖα.
