3358 5194
673 447 787 498 rnurus
1289 426 1353 495 225

119 611 272 695 Ἀδηνῶν
291 609 443 683 Ἑλλάδος
458 635 499 676 τε.
524 612 681 676 Aristaeo.
698 611 797 696 Epist.
813 610 853 674 Π.
871 611 921 674 20.
945 608 975 676 ὦ
998 617 1039 695 γῆ
1057 610 1111 675 καὶ
1126 611 1204 676 δεοί.
1251 610 1353 676 Schol.

124 703 223 783 ἔργου
248 703 353 784 (ἔργον
374 701 550 774 Ηο06101111.

216 794 245 852 4.
278 799 325 872 τῷ
355 789 556 874 κεκτημένῳ]
580 790 688 855 Horo.
728 790 773 854 of.
797 791 891 875 Soph.
916 791 964 854 hr.
991 791 1062 872 700,
1083 791 1111 853 2.
1136 791 1292 860 σαίνοντες
1312 827 1352 836 -

122 880 182 963 τήν
217 881 420 963 κεκτημένην.
465 879 571 943 Etiam
603 880 622 943 6
654 881 847 963 κεκτημένος
883 881 918 963 (i.
947 898 972 944 0.
1010 880 1029 942 6
1067 879 1235 962 δεσπότης]
1273 879 1355 942 dixit

121 969 329 1050 Phrynichus
351 968 393 1032 IL
418 970 491 1033 598.
515 969 589 1051 (48.)

217 1077 245 1140 8.
269 1075 323 1139 καί
354 1082 450 1139 ταῦτα
482 1076 542 1158 μὲν
575 1075 614 1158 δή
647 1076 759 1160 ταῦτα]
793 1075 852 1153 Qu.
877 1113 919 1124 -
942 1075 1002 1158 μὲν
1029 1081 1165 1140 τοιαῦτα.
1204 1075 1250 1139 01.
1274 1075 1353 1139 Plat.

122 1186 205 1229 eom.
231 1166 304 1240 173,
330 1166 378 1227 11.
411 1165 467 1252 καί
495 1165 571 1228 τάδε
597 1164 656 1248 μὲν
684 1165 724 1248 δὴ
752 1171 855 1230 ταῦτα.
889 1165 1050 1248 Posidipp.
1074 1166 1103 1246 2,
1129 1169 1155 1227 1.
1187 1164 1272 1227 ταυτί
1294 1165 1354 1246 μὲν

123 1253 184 1318 οὗν
207 1261 343 1318 τοιαῦτα.
1224 1293 1227 1300 -

218 1344 267 1406 11.
291 1343 396 1425 ίατρδς
421 1379 461 1389 -
486 1343 540 1406 καί
570 1342 696 1427 μάντις]
732 1343 777 1408 of.
800 1344 888 1426 Trag.
913 1343 1017 1426 adosp.
1043 1344 1115 1406 333.
1148 1341 1187 1406 ού
1220 1342 1281 1425 γάρ
1313 1367 1354 1424 με
1429 1343 1430 1346 ’

120 1433 200 1507 Νὺξ
222 1435 317 1496 ἔτικτε
341 1433 495 1515 δεσπότην
518 1432 630 1514 λύρας,
651 1436 654 1516 ]
676 1433 715 1495 οὐ
738 1434 849 1514 μάντιν
872 1432 942 1496 οὐδ’
966 1433 1080 1514 ἰατρόν.

220 1540 270 1603 17.
293 1539 328 1603 τὸ
351 1539 517 1623 παράπαν]
551 1539 595 1604 (17.
619 1539 713 1604 Pher.
737 1538 777 1603 II.
803 1540 875 1603 311.
903 1539 1018 1622 φωνὴν
1045 1540 1105 1603 ούκ
1133 1539 1214 1623 ἔχειν
1234 1537 1238 1623 Ι
1259 1539 1355 1623 ίχύύν

121 1630 158 1711 γε’
182 1653 263 1712 φασι
289 1628 324 1693 τὸ
351 1629 513 1710 παράπαν.
541 1629 727 1692 Anaxundr.
752 1630 873 1710 0110.
902 1629 972 1692 οὐδ’
997 1628 1120 1698 εἴσοδος
1141 1629 1177 1691 τὸ
1200 1630 1354 1710 παράπαν

122 1721 169 1789 εἰς
193 1719 251 1801 τήν
274 1719 384 1782 οἰκίαν.
408 1717 525 1782 Herod.
550 1717 607 1780 III.
634 1718 682 1781 10.
712 1719 750 1782 ού
775 1755 816 1764 -
841 1719 925 1781 ὕεται
957 1717 993 1780 τὰ
1021 1719 1090 1781 ἄνω
1113 1724 1168 1800 τῆς
1192 1717 1353 1799 Αἰγύπτου

119 1809 156 1872 τὸ
191 1809 354 1889 παράπαν.
389 1806 501 1888 Polyb.
526 1805 615 1869 XVI.
641 1809 691 1870 12.
716 1807 744 1868 3.
777 1808 849 1870 οὔτε
880 1808 998 1890 νίφεται
1030 1807 1065 1870 τὸ
1096 1806 1250 1888 παράπαν
1283 1807 1354 1870 οὔτε

119 1898 277 1980 βρέχεται.
311 1896 391 1960 Isao.
415 1896 503 1959 VIII.
533 1897 551 1977 ξ
576 1896 626 1959 27.
660 1897 720 1960 οὐκ
753 1896 928 1978 ἐτόλμησαν
961 1897 1071 1978 γρύξαι
1108 1895 1231 1978 (ἐρύξαι
1263 1897 1353 1960 codd.

120 1989 238 2069 γρῦξαι
262 1985 384 2067 Cobet.)
411 1985 446 2048 τὸ
478 1984 639 2067 παράπαν.
679 1983 834 2048 Similiter
864 1985 900 2048 τὸ
932 1984 1066 2049 σύνολον
1098 1984 1245 2067 (Ρ11110111.
1271 1987 1299 2068 2,
1325 1987 1353 2047 2.

120 2075 230 2157 Plau).
255 2075 388 2139 Monost.
414 2075 463 2138 97.
489 2076 562 2139 215.
587 2075 660 2137 630.
684 2074 757 2138 642.
782 2082 813 2137 et
835 2073 870 2137 τὸ
893 2075 1029 2156 πάμπαν
1052 2073 1127 2136 Eur.
1151 2073 1200 2138 Fr.
1228 2075 1299 2157 196,
1325 2077 1353 2137 2.

167 2163 249 2229 οὐδὲ
272 2162 347 2247 γρῦ]
372 2163 418 2227 of.
434 2163 580 2226 Menand.
597 2163 652 2227 IV.
671 2164 742 2227 179.
767 2163 909 2246 διαφέρει
931 2162 1162 2245 Χαιρεφῶντος
1185 2163 1261 2226 οὐδὲ
1285 2170 1353 2246 γρῦ.

120 2256 198 2317 224.
231 2253 316 2336 μηδὲ
348 2259 407 2335 γρῦ
440 2252 517 2334 λέγε.
551 2254 706 2317 Aristaeo.
731 2253 828 2336 Epist.
853 2252 876 2316 Ι.
903 2254 952 2315 17.
986 2251 1062 2316 οὐδὲ
1093 2258 1155 2336 χρῦ
1187 2260 1243 2335 τής
1274 2254 1354 2336 ε’μῆς

120 2342 311 2426 συμβουλῆς
338 2341 455 2406 ε’παΐειν
480 2342 574 2406 δοκεῖ.
602 2343 680 2406 Rau.
706 2343 778 2406 913.
803 2342 976 2423 γρύζοντας
1004 2340 1079 2405 οὐδὲ
1107 2343 1197 2405 τουτί.
1237 2342 1355 2406 Confer

121 2433 203 2496 οὐδὲ
227 2431 280 2505 ξὺ,
304 2431 380 2495 οὐδὲ
403 2431 477 2505 κνὺ,
501 2431 572 2494 οὐδ’
596 2433 738 2514 ἔγκαφος
761 2428 794 2514 (1.
818 2451 844 2494 o.
867 2431 902 2494 τὸ
926 2432 1097 2513 ἐλάχιστον,
1121 2430 1233 2514 Eupol.
1258 2432 1352 2513 336),

121 2522 202 2585 οὐδὲ
226 2521 344 2603 τάγυρι.
371 2521 407 2582 V.
432 2521 528 2584 Mein.
550 2519 600 2582 Fr.
625 2519 711 2584 00111.
735 2519 790 2582 IV.
817 2521 888 2583 719.

215 2627 268 2691 20.
291 2626 468 2711 τυπτήσεις]
492 2627 545 2692 Sic
567 2627 763 2710 καθευδήσω
786 2628 892 2708 (11011.)

215 2719 268 2780 22.
292 2716 421 2800 ἀφελὼν
444 2717 498 2780 τὸν
521 2719 688 2799 στέφανον]
712 2716 755 2780 07
780 2717 819 2780 ad
843 2716 925 2780 Nub.
951 2718 1023 2779 625.
1046 2721 1049 2726 ’

217 2809 270 2869 27.
294 2805 523 2890 κλεπτίστατον]
552 2806 668 2871 Confer
695 2807 912 2888 γαστρίστερος
935 2805 1024 2887 (Plau
1052 2806 1147 2888 195),
1175 2807 1352 2890 πολυφαγί-

122 2920 253 2969 στατος,
282 2897 493 2976 λαγνίστατος,
518 2896 746 2977 ἁρπαγίστατος
768 2896 858 2978 (Plat.
884 2895 959 2975 57),
987 2895 1252 2977 ὀφοφαγίστατος,
1276 2898 1352 2980 βλα-

122 2989 285 3057 κίστατος,
308 2986 489 3067 φώρτατος,
512 2985 695 3057 αὐτότατος,
718 2984 929 3066 λαγνίστερος,
953 2985 1219 3067 κακηγορίστερος
1241 2985 1362 3069 (κακηέ

120 3075 332 3159 γορίστατος),
348 3075 572 3156 πτωχίστερος,
588 3073 829 3156 προδοτίστερος
845 3074 946 3152 (Ρ1101.
959 3094 988 3157 p.
999 3075 1073 3157 451,
1084 3072 1156 3155 20.),
1171 3075 1355 3158 καιρότερος

119 3166 257 3247 (Achae.
281 3169 358 3245 trag.
382 3164 445 3246 48.)

208 3254 269 3322 31.
292 3251 460 3336 πείθομαι]
484 3253 530 3317 uf.
556 3254 628 3315 251.
653 3252 735 3316 Nub.
761 3253 855 3317 1090.

216 3344 269 3405 37.
292 3342 375 3425 μηδὲ
398 3341 443 3426 ἔν]
468 3341 512 3406 07.
538 3343 610 3405 138.
637 3344 730 3404 1115.
758 3343 850 3405 1182.
873 3339 952 3404 Rau.
978 3342 1050 3404 927.
1088 3341 1254 3425 Nusquam
1278 3343 1356 3406 alibi

121 3431 211 3518 apud
236 3432 481 3515 Aristophanem
506 3432 644 3496 occurrit
666 3432 719 3494 hio
742 3432 855 3494 hiatus.

216 3539 270 3600 38.
295 3537 432 3602 0111111.
449 3537 497 3602 Fr.
515 3540 587 3602 695.
612 3544 688 3620 φεύ·
708 3538 713 3621 Ι
735 3538 830 3602 οὐδὲν
854 3538 975 3601 δίκαιόν
999 3539 1079 3601 ε’στιν
1102 3539 1136 3602 ἐν
1150 3547 1197 3620 τῷ
1212 3545 1269 3603 νῦν
1283 3523 1353 3622 βίῳ.

218 3628 270 3691 39.
294 3627 416 3709 ἔλακεν]
451 3627 495 3690 07.
523 3628 637 3691 Aesoh.
662 3626 736 3691 0110.
762 3629 813 3690 35.
839 3629 888 3690 38.
922 3626 1017 3710 Soph.
1040 3627 1148 3691 Truoh.
1174 3630 1247 3690 824.
1280 3630 1354 3691 Α111.

122 3718 227 3783 1094.
260 3716 354 3799 Soph.
381 3717 431 3781 Fr.
458 3717 506 3780 18.
539 3718 569 3779 τί
599 3717 674 3799 δῆθ’
703 3717 721 3779 6
749 3716 868 3799 Φοῖβος
900 3717 1028 3792 ἔλακεν,·
1060 3721 1094 3797 (S.
1120 3715 1245 3797 Cobet).
1278 3716 1353 3779 Eur.

120 3809 193 3891 Iph.
217 3805 250 3868 Τ.
276 3806 349 3868 976.
382 3807 529 3870 ἐντεῦθεν
552 3806 655 3889 αὐδὴν
685 3806 835 3886 τρίποδος
867 3809 905 3870 ἐκ
932 3812 1054 3888 χρυσοῦ
1077 3806 1211 3887 λακὼν]
1236 3806 1355 3888 Φοῖβός

120 3901 155 3979 μ’
182 3897 310 3977 ἔπεμψε
334 3895 439 3977 δεῦρο.
466 3893 566 3959 Ore'st.
592 3897 664 3960 330.
693 3895 785 3977 φάτιν
808 3897 847 3958 ἂν
871 3896 889 3958 6
917 3895 1036 3977 Φοῖβος
1058 3896 1157 3959 ἔλακε.
1184 3896 1256 3959 162.
1281 3896 1360 3958 239.-

215 3985 269 4048 41.
293 3983 358 4066 ὅτῳ
382 3983 620 4068 ξυναντήσαιμι]
646 3983 690 4048 07.
708 3984 747 4047 ad
763 3983 841 4046 Rau.
861 3985 932 4046 196.
958 3986 1043 4066 οἴμοι
1066 3984 1285 4066 κακοδαίμων,
1309 3993 1355 4066 τῷ

121 4075 298 4156 ξυνέτυχον
321 4073 430 4150 ἕξιών,·
453 4073 528 4136 Eur.
551 4072 619 4137 Ion.
644 4074 718 4137 800.

215 4183 270 4244 47.
294 4180 401 4245 ἀσκεῖν
423 4180 478 4244 τὸν
500 4180 570 4244 υῖδν
592 4180 646 4243 τὸν
669 4182 842 4263 ἐπιχώριον
864 4180 995 4264 τρόπον]
1020 4179 1065 4244 07.
1090 4180 1184 4264 Soph.
1206 4180 1256 4245 Fr.
1281 4182 1355 4244 851.

122 4271 240 4355 νόμοις
267 4270 399 4334 ἔπεσθαι
426 4277 521 4333 τοῖσιν
549 4270 716 4352 ἐγχωρίοις
743 4270 913 4352 (ἕγχώροις
941 4270 1027 4334 Grot.
1055 4269 1226 4353 legendum
1248 4270 1356 4333 forsan

122 4359 294 4444 ἐγχώρων)
317 4360 423 4423 καλόν.
1357 4394 1360 4402 ·

216 4450 269 4512 48.
293 4456 340 4531 τῷ
361 4455 453 4512 τοῦτο
476 4445 622 4535 κρίνεις,·]
651 4447 694 4511 07.
718 4447 800 4513 Nub.
826 4451 899 4512 385.
927 4450 1006 4531 φέρε
1032 4447 1115 4511 τουτλ
1140 4456 1188 4530 τῷ
1214 4448 1275 4532 χρὴ
1303 4473 1361 4511 πι-Ι

123 4539 261 4616 στεύειν,·
324 4539 420 4622 δῆλον
435 4576 477 4586 -
493 4538 548 4602 καί
569 4538 696 4622 τυφλῷ]
720 4536 766 4601 of.
786 4537 934 4603 Monund.
952 4539 1025 4601 111.
1047 4537 1101 4601 καλ
1122 4538 1234 4620 τυφλῷ
1250 4538 1356 4620 δῆλον.

1102 4645 1142 4708 15
