3358 5194
344 435 409 500 228
900 450 1014 500 nurus

435 614 506 678 173.
530 612 565 678 τὸ
582 612 717 699 ξενικὸν]
740 614 793 679 Sic
808 614 844 678 τὸ
860 612 1064 695 ἐπικουρικόν
1079 613 1205 697 (Tene),
1219 612 1254 677 τὸ
1271 612 1427 695 ἑταιρικὸν
1442 611 1557 693 (rhua).

342 703 378 768 τὸ
401 702 569 777 ὁπλιτικὸν,
596 703 631 766 τὸ
655 703 819 787 ἑταιρικὸν,
842 704 878 767 τὸ
901 701 1098 776 1ππικὸν,τὸ
1121 703 1277 777 ναυτικὸν,
1304 703 1340 766 τὸ
1367 703 1500 776 τοξικόν,
1527 703 1557 765 τὸ

342 793 589 877 μισθοφορικὸν,
612 791 648 856 τό
670 792 881 873 πελταστικὸν,
913 791 949 855 τὸ
976 791 1136 856 πολιτικὸν
1164 793 1377 876 (στράτευμαΙ,
1404 793 1440 855 τό
1459 791 1557 873 Ἑλλη-

342 881 432 947 νικόν
455 881 583 965 (Herod.
607 880 678 945 VII.
705 882 776 945 139.
803 883 874 944 145.
898 881 985 945 VIII.
1013 881 1103 963 144).

436 972 508 1035 174.
531 969 714 1055 κλαύσεται]
738 970 783 1036 01.
807 973 880 1034 425.
905 970 999 1055 Vesp.
1019 972 1112 1034 1318.
1136 970 1209 1050 Lys.
1226 971 1299 1034 437.
1322 971 1376 1033 Th.
1394 972 1466 1033 923.
1488 969 1557 1033 Ren.

346 1061 440 1125 1209.
468 1060 552 1124 τουτί
577 1061 606 1123 τί
625 1057 666 1144 ἦν
687 1059 723 1124 τὸ
746 1060 919 1142 ληκύθιον,·
946 1061 985 1123 οὐ
1013 1060 1195 1135 κλαύσεται;
1224 1059 1334 1143 Eupel.
1358 1061 1433 1141 209,
1461 1063 1485 1122 l.
1508 1060 1555 1141 χά-

342 1151 456 1233 μυνίας
479 1150 598 1219 ἐκεῖνος
620 1149 727 1231 ἀμέλει
750 1150 915 1213 κλαύσεται
936 1149 940 1226 Ι
960 1149 1007 1212 ὅτι
1026 1154 1082 1212 etc.
1106 1147 1184 1212 Ran.
1205 1150 1275 1212 178.
1300 1150 1360 1212 οὐκ
1384 1150 1558 1231 οίμώξεται,·

436 1239 507 1302 177.
532 1238 900 1321 851101τερατώάηςΙΙ.
924 1238 971 1308 ὡς
993 1241 1069 1321 τερ.)
1094 1237 1128 1302 δὲ
1152 1275 1208 1300 -.
1276 1238 1356 1301 Ibid.
1385 1239 1433 1308 ὡς
1456 1239 1474 1301 6
1496 1238 1556 1319 (dei.

343 1329 396 1411 67)
418 1327 558 1393 Πλάτων
580 1327 599 1390 6
622 1327 774 1409 κωμικός.

435 1417 507 1480 179.
531 1417 576 1481 01.
605 1415 773 1482 Philetaer.
803 1417 836 1498 9,
862 1420 889 1480 7.
923 1416 994 1499 περὶ
1027 1416 1062 1481 όὲ
1094 1415 1218 1486 Ναΐδος
1250 1422 1377 1481 σιωπῶ·
1411 1418 1557 1499 γομφίους

344 1506 405 1589 γὰρ
438 1506 498 1570 οὐκ
531 1506 601 1588 ἔχει.
670 1504 772 1569 Schol.
804 1506 852 1576 ὡς
883 1507 1021 1588 εὔπορος
1054 1506 1088 1587 (l.
1117 1505 1305 1576 ἀπαίὸευτος
1333 1525 1375 1570 ex
1403 1507 1497 1570 schol.
1523 1505 1557 1568 ad

344 1597 417 1660 303.
441 1601 497 1660 aut
518 1595 688 1677 ἄγροικος).

435 1685 507 1748 182.
529 1683 730 1769 μονώτατος]
755 1684 801 1749 01.
825 1685 883 1766 Eq.
908 1685 981 1748 352.
1003 1683 1140 1766 Lycurg.
1164 1685 1183 1766 ξ
1207 1684 1258 1747 90.
1281 1685 1461 1767 μονώτατοι
1482 1684 1556 1746 ε’πώ-

342 1798 438 1857 νυμοι
469 1780 525 1857 τῆς
555 1775 665 1856 χώρας
698 1775 761 1838 εἰσί.
796 1773 872 1837 ibid.
904 1774 1089 1856 μονώτατος
1121 1772 1151 1837 6’
1174 1775 1214 1836 ἂν
1238 1810 1280 1818 -
1304 1774 1481 1856 ἐξορισθείη
1510 1779 1557 1854 τῆς

343 1865 461 1947 χώρας.
485 1863 612 1927 Theoer.
637 1861 709 1926 XV.
735 1863 806 1926 137.
830 1864 986 1946 ἡμιθέων,
1010 1862 1057 1933 ὡς
1079 1861 1185 1944 φαντὶ,
1208 1863 1401 1945 μονώτατος.

434 1953 506 2016 188.
531 1951 576 2016 01.
604 1951 721 2017 Herod.
745 1951 817 2014 VII.
841 1947 892 2014 49.
918 1954 946 2016 2.
979 1952 1150 2035 εὐπρηξίης
1182 1953 1242 2015 οὐκ
1275 1952 1337 2015 ἔστι
1368 1953 1557 2034 ἀνθρώποισι

344 2040 477 2124 οὐδεμία
505 2041 673 2125 πληθώρη.
700 2041 838 2124 Theogn.
862 2043 924 2104 227
942 2061 988 2125 sq.
1013 2042 1097 2104 1151
1115 2061 1162 2123 sq.
1189 2041 1303 2104 Aeseh.
1328 2043 1386 2124 Ag.
1413 2043 1502 2104 1331.
1526 2039 1556 2102 τὸ

342 2131 402 2214 μὲν
425 2127 460 2194 εὖ
482 2131 627 2213 πράττειν
649 2129 821 2214 ἀκόρεστον
843 2131 905 2212 ἔφυ
926 2129 930 2209 Ι
950 2135 1027 2194 πᾶσι
1048 2131 1182 2214 βροτοῖς.

437 2220 509 2283 196.
534 2219 579 2283 01.
602 2219 730 2284 Theeer.
754 2219 792 2281 V.
818 2221 891 2282 144.
914 2220 1081 2303 ἀνυσάμαν
1102 2218 1160 2283 τὰν
1183 2219 1293 2302 ἀμνόν.

433 2308 507 2372 202.
530 2308 568 2391 νὴ
592 2307 647 2372 τὸν
662 2306 714 2371 Δί’
737 2308 815 2371 ἀλλὰ
831 2307 891 2392 -Ι
916 2308 962 2373 01.
980 2309 1034 2372 Th.
1051 2309 1126 2372 260.
1149 2308 1186 2391 νὴ
1211 2308 1263 2370 Δί’
1287 2308 1353 2372 ἀλλ’
1376 2308 1474 2390 ἄριστ’
1495 2309 1555 2389 ἔχει.

434 2399 506 2461 203.
531 2396 574 2461 01.
599 2398 673 2461 Eur.
697 2397 816 2463 Phoen.
837 2398 909 2460 597.
934 2397 1036 2461 δειλὸν
1059 2398 1088 2461 6’
1112 2397 1131 2460 6
1153 2398 1289 2468 πλοῦτος
1311 2398 1365 2461 καὶ
1388 2397 1555 2479 φιλόψυχον

343 2486 454 2551 κακόν.
478 2487 553 2550 Eur.
570 2486 619 2549 Fr.
637 2487 710 2549 237.
733 2486 887 2557 πλουτεῖς·
911 2487 930 2549 6
953 2487 1089 2557 πλοῦτος
1112 2485 1142 2549 6’
1165 2487 1289 2568 ἀμαθία
1314 2486 1416 2550 ἀειλόν
1438 2487 1471 2550 θ’
1489 2487 1554 2568 ἅμα.
1655 2535 1656 2542 ,

401 2619 404 2624 -
433 2577 506 2639 204.
531 2575 575 2640 01.
598 2575 781 2659 Apollodor.
805 2596 884 2640 eom.
913 2576 968 2640 IV.
992 2578 1066 2640 453.
1099 2577 1142 2646 εἰς
1174 2577 1276 2639 οἰκίαν
1309 2576 1384 2640 ὅταν
1416 2601 1459 2646 τις
1487 2575 1553 2656 εἰσίη

343 2666 446 2748 φίλου.
469 2663 616 2729 Menend.
640 2665 695 2729 IV.
720 2666 792 2728 250.
824 2664 862 2729 τὰ
893 2665 971 2747 μετὰ
1000 2665 1150 2748 γυναικὸς
1173 2666 1201 2728 6'
1225 2665 1345 2728 εἰσιόντ’
1369 2667 1413 2735 εἷς
1436 2659 1552 2747 οἰκίαν]

344 2754 409 2819 οὔτ’
432 2754 560 2838 ἀσφαλῆ
582 2754 639 2837 τὴν
661 2761 768 2838 κτῆσιν
791 2753 865 2818 οὔθ’
888 2753 999 2836 ἱλαρὰν
1022 2756 1092 2837 ἔχει.
1117 2752 1191 2817 Eur.
1214 2753 1422 2836 1136412.
1445 2755 1480 2817 τὰ
1502 2751 1553 2834 γὰρ

343 2849 455 2914 κακῶς
475 2843 479 2927 Ι
500 2845 609 2914 οἴκους
632 2842 789 2908 ἐσελθόντ’
813 2843 873 2907 οὐκ
899 2845 963 2926 ἔχει
985 2844 1151 2927 σωτηρίαν.
1219 2843 1256 2906 In
1281 2844 1378 2908 schol.
1402 2847 1513 2926 (nonne
1533 2841 1556 2902 τί

342 2936 411 2997 ποτ’
435 2933 515 2997 ἐστὶν
537 2931 683 3016 ώχρὸνΡΙ.

433 3023 505 3085 216.
529 3021 569 3084 In
592 3022 730 3086 editione
749 3042 820 3086 mea
843 3042 899 3105 pre
923 3021 1112 3087 “Philetaer.
1128 3021 1185 3086 III.
1203 3021 1253 3085 3.'’
1276 3041 1354 3086 corr.
1379 3022 1552 3085 “Philetaer.

433 3200 506 3264 227.
528 3200 669 3285 τουτοδὶ]
698 3199 743 3264 01.
767 3202 806 3264 ed
830 3200 888 3283 Eq.
914 3193 1008 3264 1357.
1031 3201 1125 3266 Alex.
1150 3203 1201 3280 84,
1226 3203 1255 3263 2.
1282 3200 1404 3284 κρεάόι’
1428 3201 1490 3283 ΙᾱΙ,
1511 3199 1552 3262 ι’ν-

342 3289 473 3371 τερίθια,
498 3293 554 3353 ete.
623 3289 773 3374 κρείόιον]
798 3289 843 3354 01.
868 3289 951 3355 Men.
969 3291 1043 3371 518,
1063 3292 1111 3353 13.
1135 3289 1256 3372 κρεάόι’
1280 3290 1362 3372 ὀπτᾷ
1384 3291 1438 3354 καὶ
1458 3288 1552 3370 κίχλας

341 3380 535 3462 τραγήματα.
573 3377 622 3444 De
645 3399 794 3444 mensure
816 3380 975 3443 secundae
1001 3380 1036 3442 in
1060 3379 1119 3444 hae
1143 3399 1220 3443 voce
1244 3384 1367 3443 constat
1390 3400 1432 3444 ex
1454 3377 1552 3460 Cephi-

342 3468 447 3533 sodori
469 3468 538 3532 leco
562 3468 611 3531 Fr.
636 3470 664 3531 8.
688 3468 837 3550 κρεάόιόν
859 3493 886 3530 τι
909 3469 1034 3550 φαῦλον
1057 3471 1076 3552 ἢ
1100 3469 1247 3552 ταρίχιον.

432 3557 505 3620 228.
527 3563 592 3621 τῶν
615 3557 749 3621 ἔνδοθεν
771 3557 830 3642 τις]
856 3557 900 3622 01.
925 3558 998 3620 964.
1023 3557 1116 3643 Soph.
1136 3557 1183 3620 ΕΙ.
1202 3559 1296 3621 1323.
1321 3558 1367 3628 ὡς
1391 3558 1439 3622 ἐπ’
1461 3554 1551 3634 ἒξόάῳ

342 3646 430 3710 κλύω
452 3646 456 3728 Ι
476 3651 540 3709 τῶν
563 3646 697 3711 ἔνδοθεν
719 3653 912 3730 χωροῦντος.

454 3737 527 3798 233.
550 3735 667 3819 μεστὴν
698 3735 843 3820 ποιῆσαι]
878 3734 923 3800 01.
951 3736 1008 3819 Eq.
1033 3736 1106 3800 814.
1144 3737 1180 3806 ὃς
1212 3736 1359 3819 ἐποίησεν
1390 3737 1444 3821 τὴν
1474 3733 1550 3797 πόλιν

341 3826 436 3908 ἡμῶν
458 3825 576 3908 μεστὴν
598 3826 704 3906 εὑρὼν
727 3825 864 3908 ἐπιχειλῆ
887 3827 1012 3908 (πυρῶν
1035 3826 1085 3888 ἐπὶ
1107 3826 1250 3908 χεῖλοςΫΙ.

431 3916 504 3977 234.
529 3913 573 3978 01.
598 3912 672 3978 Eur.
696 3914 745 3977 Fr.
770 3915 844 3998 364,
869 3917 919 3978 12.
951 3913 988 3976 τὰ
1022 3915 1082 3996 γὰρ
1114 3919 1226 3984 κακῶς
1246 3913 1250 3997 Ι
1271 3915 1382 3986 οἴκους
1410 3911 1549 3979 ἐσελθόντ’

341 4003 514 4086 (χρήματα)
538 4004 597 4066 οὐκ
621 4004 684 4086 ἔχει
707 4005 873 4087 σωτηρίαν.

431 4093 503 4155 241.
528 4093 660 4175 ἔξαρνός
687 4094 748 4156 ἐστι
774 4092 852 4177 μηδ’
876 4093 952 4157 ἰόεῖν
978 4117 1020 4176 με
1046 4092 1192 4177 πώποτε]
1227 4093 1272 4158 01.
1298 4093 1355 4176 eq.
1381 4089 1547 4157 5720511.

340 4202 367 4264 p.
393 4183 467 4244 818.
498 4181 544 4264 μὴ
577 4182 682 4264 λαβεῖν
714 4183 954 4266 ἐξαρνούμενος.
987 4182 1105 4246 Herod.
1128 4183 1186 4247 III.
1210 4182 1261 4245 66.
1294 4184 1428 4265 ἔξαρνος
1453 4181 1488 4265 ἦν
1511 4175 1547 4260 μή

339 4295 394 4354 μιν
416 4271 597 4334 ἀποκτεῖναι
619 4271 769 4354 Σμέρδιν.

430 4362 502 4422 244.
527 4361 560 4423 ἐν
584 4361 699 4443 ἀκαρεῖ
717 4360 842 4445 χρόνῳ]
875 4361 959 4444 Lege
987 4362 1020 4425 ἐν
1048 4362 1164 4444 ἀκαρεῖ
1187 4361 1316 4444 χρόνου.
1356 4361 1401 4426 01.
1426 4359 1551 4442 Alciphr.

339 4448 438 4532 Epist.
462 4447 519 4512 III.
545 4451 595 4513 56.
620 4451 648 4512 2.
685 4450 720 4514 ἐν
751 4451 867 4532 ἀκαρεῖ
894 4451 1003 4533 χρόνῳ
1036 4452 1170 4534 (χρόνον
1199 4449 1326 4525 Cobet).
1369 4451 1513 4514 Similder
1533 4445 1551 4508 I.

340 4537 409 4603 Cor.
427 4537 499 4602 XV.
517 4541 568 4602 52.
592 4540 625 4602 ἐν
648 4539 760 4623 ἀτόμῳ
783 4544 836 4620 (se.
859 4541 968 4623 χρόνῳ
985 4547 1040 4605 aut
1057 4541 1201 4624 χρόνου),
1225 4540 1258 4603 ἐν
1281 4541 1360 4625 ῥιπῇ
1384 4539 1551 4624 ὀφθαλμοῦ.
1651 4597 1652 4600 ,
