3358 5194
315 391 378 455 262
875 410 977 456 ιιιιιιιι

314 568 384 633 νασ’
408 568 571 651 ἀπάξομαι
593 568 690 632 κάτω.
715 565 794 632 ΡΙαί.
819 567 913 652 Gorg.
938 569 981 632 54
996 567 1032 632 Ε.
1060 569 1152 633 κάων
1174 569 1227 632 καί
1250 571 1428 652 ίσχναίνων.
1452 569 1548 634 Polit-

315 659 379 722 293
396 658 436 724 Β.
460 658 668 740 καθαίροντες
699 658 756 721 εἴτε
779 657 883 729 ἄλλως
906 659 1122 740 ῖσχναίνοντες.
1193 657 1335 742 ἀφεῖλον]
1359 657 1405 722 cf.
1429 659 1546 724 Aesch·

314 747 406 811 Eum.
430 748 504 810 444.
538 752 601 810 τῶν
634 750 701 810 σῶν
724 747 813 811 έπῶν
844 746 961 830 μέλημ’
994 747 1166 831 ἀφαιρήσω
1202 749 1293 830 μέγα.
1326 748 1437 831 Eurip.
1461 747 1546 812 Med.

315 837 388 900 456.
412 837 505 918 κάγὼ
527 836 587 919 μὲν
616 835 664 899 ἀεὶ
686 835 842 918 βασιλέων
870 837 1089 919 θυμουμένων
1110 839 1114 920 ]
1135 837 1233 919 ἀργὰς
1261 837 1417 920 ἀφῄρουν.
1448 839 1545 901 1147.

315 926 414 1008 ὀργάς
435 927 460 988 τ’
474 926 602 1008 ἀφῄρει
625 924 679 988 καί
702 925 798 1007 χόλον
821 926 971 997 νεάνιδος.
995 926 1069 1009 Iph..
1087 928 1125 990 A.
1151 927 1245 989 1609.
1269 926 1370 1008 λάπης
1393 927 1423 990 δ’
1448 927 1545 1009 ἀφαί-

314 1039 369 1097 ρει.
394 1014 500 1099 Suppl.
518 1016 593 1090 459.
618 1014 693 1077 ὅταν
714 1038 758 1084 τις
775 1015 950 1096 -τόλμας
974 1016 1096 1098 ἀφαιρῇ
1119 1016 1319 1098 κάπολωτίζῃ
1343 1017 1444 1087 νέους.
1468 1015 1546 1080 Eur.

314 1105 363 1168 Fr.
388 1105 466 1188 284,
492 1105 543 1166 27.
575 1104 682 1186 μάχας
712 1102 738 1166 τ’
768 1104 918 1186 ἀφαιρῶν
950 1105 1005 1167 καὶ
1036 1105 1164 1174 στάσεις.
1196 1104 1246 1168 Fr.
1269 1105 1348 1186 403,
1373 1106 1401 1168 6.
1433 1111 1547 1187 τομαῖς

314 1194 459 1276 ἀφαιρεῖν
482 1193 609 1276 (νόσον).
633 1193 781 1256 Aeschin.
800 1192 858 1256 III.
876 1194 948 1256 238.
974 1193 1103 1276 ἀφελῶν
1126 1193 1182 1276 τὴν
1205 1194 1389 1268 ἀλαζονείαν
1412 1194 1547 1258 καὶτὸν

314 1283 442 1365 κόμπον
466 1287 523 1346 eto.
556 1281 639 1344 Plut.
663 1281 737 1346 Fab.
762 1281 846 1345 Max.
871 1283 922 1345 20.
954 1287 1019 1347 τῶν
1052 1283 1148 1365 ζῴων
1179 1282 1215 1346 τὸ
1247 1283 1458 1365 θυμούμενον
1490 1284 1546 1348 καλ

313 1371 349 1436 τὸ
374 1372 581 1436 δυσκολαῖνον
605 1371 747 1454 ἐξαιρεῖν.

405 1461 477 1525 943.
501 1459 652 1544 ἀπηθῶν]
688 1459 732 1524 04.
756 1459 805 1524 Fr.
831 1462 893 1524 387
911 1460 950 1525 Κ.
982 1461 1097 1544 τρυγός
1128 1486 1160 1525 τε
1187 1461 1302 1545 φωνὴν
1334 1463 1377 1532 εἰς
1408 1463 1547 1545 λεκάνην

321 1551 460 1632 ’θουμέν
483 1573 507 1620 ς.
1216 1565 1218 1568 ’
1379 1611 1381 1618 ,

314 1575 334 1634 η
404 1574 480 1703 9454
501 1637 633 1722 έφυρον]
667 1637 712 1702 Of.
740 1637 815 1702 Eur.
838 1638 916 1704 Ηεο.
943 1642 1015 1704 958.
1048 1641 1163 1704 Aesch.
1187 1641 1291 1704 Prom.
1316 1640 1390 1703 450.
1424 1643 1548 1723 ἔφυρον

314 1730 384 1812 εἰκῆ
406 1729 515 1792 πάντα.
540 1727 619 1792 Plat.
642 1728 759 1792 Phaed.
785 1729 824 1791 97
842 1728 878 1791 Β.
902 1729 997 1801 αὐτὸς
1020 1731 1089 1813 εἰκῆ
1113 1732 1217 1812 φύρω.
1241 1730 1329 1813 Trag.
1347 1730 1453 1813 adesp.
1471 1731 1546 1792 472.

314 1819 384 1902 βίον
409 1817 541 1900 διῴκησ’
566 1817 639 1881 ὄντα
663 1817 738 1899 πρίν
760 1821 973 1901 πεφυρμένον.

405 1908 477 1970 954.
500 1905 660 1991 τουτουσί]
686 1904 731 1970 cf.
755 1905 839 1969 Nub.
864 1910 937 1972 897.
1318 1987 1319 1992 ¹

404 1996 477 2060 956.
501 1994 659 2080 εἰσβολὰς]
685 1995 729 2060 Of.
755 1997 849 2059 1194.
873 1997 947 2061 Eur.
971 1997 1038 2061 Ion.
1054 1998 1133 2079 676.
1157 1998 1333 2081 πενθίμους
1357 2004 1546 2081 στεναγμῶν

317 2088 362 2150 εἰσ
385 2086 469 2156 ολάς.

362 2087 384 2170 β
405 2175 477 2238 958.
501 2174 663 2258 περινοεῖν]
688 2172 734 2237 Of.
756 2174 852 2240 Thuc.
875 2176 933 2240 III.
958 2179 1009 2240 43.
1036 2177 1140 2260 μόνην
1164 2202 1196 2241 τε
1219 2177 1310 2240 πάλιν
1335 2177 1386 2241 διὰ
1410 2177 1466 2248 τὰς
1488 2202 1544 2241 πε-

315 2265 434 2348 ρινοίας
457 2262 492 2328 εὖ
515 2270 644 2347 ποιῆσαι
668 2301 709 2310 -
734 2265 899 2330 ἀδύνατον.
923 2265 1003 2330 Plat.
1027 2268 1089 2330 Ax.
1114 2267 1178 2329 370
1195 2269 1233 2330 Α.

317 2444 381 2506 980
405 2355 600 2506 959,3οέχεῖο
624 2352 783 2436 πράγματ’
807 2356 951 2437 εἰσάγων,
980 2355 1027 2426 οίς
1049 2355 1205 2438 χρώμεθ’,
1234 2356 1280 2426 οἷς
1303 2356 1470 2441 ξύνεσμεν]
1500 2356 1547 2421 Of.

398 2463 442 2525 89·
571 2462 623 2526 50.

405 2533 478 2595 963.
501 2533 643 2612 κωδων]
667 2529 712 2595 Cf.
737 2531 829 2617 Soph.
852 2534 902 2597 Fr.
928 2535 1000 2598 738.
1024 2532 1099 2598 Eur.
1122 2535 1216 2599 Rhes.
1241 2536 1313 2598 383.

408 2621 480 2684 964.
505 2621 551 2686 Of.
569 2620 655 2685 Com.
672 2622 776 2705 adesp.
796 2624 868 2704 121,
885 2625 913 2686 3.
938 2624 1116 2706 σάγκρινον,
1145 2622 1265 2697 ῶ’τᾶν,
1289 2625 1465 2688 Ἀσπασίαν
1492 2626 1547 2704 καὶ

314 2710 507 2794 Σωκράτην·
528 2710 533 2793 Ι
552 2717 607 2794 τῆς
638 2710 698 2793 μὲν
730 2711 791 2795 γὰρ
820 2713 893 2794 ὄφει
916 2712 1088 2796 Περικλέα,
1116 2713 1245 2797 Κριτίαν
1274 2713 1309 2778 δὲ
1332 2719 1387 2777 τοῦ
1409 2715 1414 2794 Ι
1436 2715 1547 2797 ἑτέρου

314 2800 473 2883 μαθητήν.
506 2800 619 2865 Aesch.
643 2800 747 2874 Prom.
771 2802 845 2866 409.
881 2804 1021 2866 στένουσι
1052 2801 1108 2865 τάν
1141 2803 1200 2867 σὰν
1232 2803 1482 2885 ξυνομαιμόνων
1513 2829 1548 2867 τε

314 2889 415 2972 τιμάν.
448 2888 541 2952 Eum.
567 2889 639 2952 713.
672 2891 836 2974 χρησμοὺς
868 2891 941 2962 τοὺς
973 2892 1071 2974 ἐμούς
1102 2916 1134 2955 τε
1166 2892 1219 2964 καί
1247 2891 1329 2962 Διός.
1361 2896 1423 2975 Ag.
1449 2893 1546 2956 1313.

315 2978 395 3061 ἐμὴν
413 2977 650 3062 Ἀγαμίμνονός
672 3003 704 3042 τε
726 2986 851 3062 μοῖραν.
880 2980 973 3065 Soph.
996 2980 1045 3044 Tr.
1069 2982 1143 3044 485.
1166 2982 1271 3044 κείνου
1295 2982 1404 3046 τεκαὶ
1428 2981 1488 3065 σὴν
1511 2983 1547 3057 ἐξ

301 3069 384 3131 ’ἴσου
408 3068 519 3151 κοινὴν
542 3068 643 3150 χάριν.
667 3065 742 3131 Eur.
757 3069 836 3134 Heo.
853 3071 926 3133 892.
951 3069 1008 3134 σὸν
1032 3071 1092 3133 οὐκ
1116 3071 1248 3134 ἔλασσον
1271 3073 1291 3154 ἢ
1312 3071 1418 3153 κείνης
1441 3073 1546 3153 χρέος.

314 3155 433 3221 Phoen.
450 3159 524 3221 474.
547 3156 666 3239 τούμόν
687 3182 719 3221 τε
734 3159 788 3222 καὶ
803 3159 898 3223 τοῦδ’.
922 3159 990 3222 Τιό.
1007 3161 1080 3223 432.
1104 3159 1188 3242 τάμὰ
1211 3160 1265 3223 καὶ
1293 3159 1433 3242 Φρυγῶν
1448 3162 1546 3224 κακά.

315 3245 407 3310 Pind.
435 3247 470 3311 P.
494 3245 565 3310 VH.
596 3247 647 3308 13.
680 3253 763 3310 νῖκαι
792 3286 833 3294 -
860 3249 941 3332 ὗμαί
970 3273 1001 3312 τε
1033 3249 1086 3311 καί
1117 3249 1297 3331 προγόνων.
1331 3249 1409 3313 Plat.
1435 3248 1545 3334 Symp.

317 3336 379 3397 117
397 3339 435 3398 A.
460 3337 520 3399 οὐκ
544 3335 622 3418 έμδς
645 3337 663 3400 6
686 3337 794 3419 μῦθος
817 3337 893 3400 ἀλλὰ
922 3337 1066 3420 Φαίδρου
1089 3337 1190 3402 τοῦδε.

405 3426 478 3488 965.
501 3425 700 3509 τουτουμενὶ]
725 3427 748 3488 Ῑ.
773 3447 798 3491 θ.
821 3427 945 3491 τουτουί
968 3429 1035 3510 μέν.
1075 3426 1119 3490 Of.
1143 3427 1297 3511 Metagen.
1320 3428 1369 3493 Fr.
1393 3429 1421 3511 6,
1442 3429 1469 3491 5.
1495 3429 1543 3493 ε’ν-

313 3513 503 3597 μεντευθενί.
528 3520 559 3578 et
581 3514 621 3577 ad
643 3514 702 3599 Eq.
728 3516 822 3586 1357.

405 3604 477 3667 966.
504 3641 545 3650 -
562 3604 810 3690 πιτυοκάμπται]
836 3604 880 3669 Of.
901 3605 1019 3670 Oratin.
1037 3608 1109 3670 296.
1127 3607 1163 3677 ὃς
1177 3607 1233 3690 τὴν
1248 3607 1338 3670 πίτυν
1358 3607 1363 3692 ]
1383 3608 1545 3690 ἔκαμπτεν

314 3693 412 3764 ἑστὼς
435 3693 584 3776 χαμᾶθεν
608 3695 710 3777 ἀκρσς
732 3701 787 3778 τῆς
808 3694 938 3779 κόμης]
959 3696 1139 3759 καθέλκων.
1163 3694 1252 3759 Ovid.
1277 3695 1351 3761 Met.
1376 3695 1448 3759 VII.
1468 3699 1543 3761 440.

405 3783 477 3846 968.
502 3781 546 3846 Of.
570 3781 654 3847 Nub.
679 3785 774 3848 1378.
1394 3811 1396 3816 ’

405 3873 478 3936 969.
503 3872 547 3936 cf.
571 3873 758 3956 Antiphont.
784 3876 857 3954 204,
881 3876 909 3938 4.
943 3878 962 3958 ἢ
998 3875 1068 3958 δίκη
1101 3900 1145 3946 τις
1176 3875 1356 3957 περιπεσὼν
1388 3876 1543 3941 ἀπώλετο.

314 3961 463 4026 Menand.
489 3962 563 4043 500,
581 3963 609 4024 3.
633 3963 707 4026 ὅταν
730 3987 774 4034 τις
797 3967 845 4028 ὢν
868 3964 974 4048 ἀνὴρ]
996 3965 1118 4036 δίκαιος
1140 3965 1261 4035 ἀδίκοις
1283 3967 1436 4049 περιπέσῃ
1461 3990 1542 4049 συμ-

315 4052 610 4204 3194101089
637 4052 773 4225 w
781 4055 824 4207 ιλ
826 4053 980 4207 W?
1007 4078 1240 4137 ρ’]
1267 4056 1334 4208 3?
1336 4060 1543 4209 3313·

315 4231 388 4292 498.
412 4230 529 4340 αἰσχρᾷ
550 4239 727 4314 περιπεσεῖν
748 4167 835 4315 ίθχη.
860 4168 911 4295 (λλ.
929 4168 1001 4295 3697.
1025 4168 1342 4316 λουτροῖσιίίράλόχου
1361 4235 1543 4317 περιπεσὼν

314 4341 527 4390 πανυστατοις.

406 4409 478 4472 984.
503 4409 713 4493 ἀπεδήδοκεν]
740 4409 784 4474 Of.
801 4410 909 4475 Herm.
929 4411 969 4474 II.
988 4413 1060 4476 338.
1085 4412 1252 4496 ἀπέδομαι.
1277 4413 1352 4478 405.
1373 4414 1542 4486 ἀπεοθίεις.

315 4497 394 4563 Plat.
416 4497 457 4562 H.
482 4498 555 4562 662.
578 4499 756 4584 άπηδέσθη.
