3440 5196
493 441 495 450 ι
596 425 769 470 οοιαυοιωιι
792 427 972 471 mmmm
1331 412 1393 473 327

165 585 375 668 proculdubio
408 586 504 668 ἄρτον
536 586 691 667 καθαρόν.
732 585 776 649 01.
805 586 898 650 Alex.
928 581 985 649 III.
1014 588 1087 649 483.
1120 588 1215 668 ἄρτος
1247 585 1395 670 καθαρός

166 675 211 744 εἷς
236 675 385 756 ἑκατέρῳ.
410 674 536 756 Orobyl.
556 675 612 739 IV.
630 675 703 736 565.
726 681 791 738 τῶν
814 676 988 758 ἐσχαριτῶν
1011 681 1076 739 τῶν
1098 678 1265 758 καθαρῶν.
1291 679 1395 740 Anon.

165 763 222 826 IV.
247 764 320 826 699.
354 765 389 827 ἐκ
421 765 580 846 καθαρῶν
613 764 751 846 ἀχύρων.
832 766 858 827 1.
883 765 1050 846 ζευγάριον
1072 764 1211 851 βοεικόν]
1244 765 1328 849 Lege
1353 804 1394 813 —-

164 853 281 935 βόειον.
320 851 363 916 01.
388 853 483 937 Vesp.
507 855 559 917 40.
586 855 694 937 βόειον
717 851 830 936 δημόν.
858 853 915 936 Eq.
941 856 1014 918 954.
1045 855 1151 937 δημοῦ
1174 856 1292 938 βοείου.
1315 855 1395 920 Ran.

166 943 239 1006 924.
264 943 389 1025 ῥήματα
408 980 448 988 -
464 943 561 1026 βόεια.
600 942 714 1013 Βόειος
730 945 900 1007 formatum
917 949 953 1006 ut
968 945 1105 1017 ἴππειος,
1121 945 1237 1018 ὄνειος,
1261 945 1395 1018 κύνειος,

165 1032 204 1095 al.
227 1031 406 1096 Monstrosa
428 1033 530 1095 forma
553 1037 602 1097 est
622 1033 757 1116 βοεικός.

258 1140 329 1202 126.
353 1139 543 1222 ἀρχηγέτας]
577 1139 600 1202 Ι.
626 1160 654 1223 q.
683 1140 853 1222 ἀρχηγούς.
886 1140 981 1204 Iseer.
1005 1139 1106 1221 III.·§
1132 1141 1182 1204 28.
1213 1139 1395 1223 Τεῦκροςό

163 1235 219 1291 τοῦ
244 1229 355 1310 γένους
377 1231 473 1312 ἡμῶν
495 1229 644 1312 ἀρχηγός.
668 1228 747 1292 Plat.
769 1227 849 1291 Tim.
873 1231 909 1291 21
932 1228 968 1291 Ε.
992 1228 1085 1312 Soph.
1110 1228 1145 1293 Ο.
1163 1229 1196 1293 0.
1221 1229 1272 1292 60.

257 1319 329 1400 130,
355 1322 380 1381 1.
405 1318 534 1401 βολβὸς,
557 1317 704 1402 τεύτλων]
730 1316 788 1394 QU.
811 1317 936 1401 βολβοὶ,
960 1318 1087 1382 τεύτλισ.
1364 1399 1366 1402 Ι

257 1406 329 1468 151.
352 1405 484 1478 λεπτοὺς
507 1406 599 1490 ἅλας]
625 1407 668 1471 01.
692 1406 823 1471 Lueian.
847 1407 886 1471 de
910 1407 1005 1472 Mero.
1022 1407 1112 1472 cond.
1132 1408 1181 1470 19.
1204 1414 1261 1472 τοῦ
1284 1409 1394 1491 θύμου

165 1496 218 1558 καὶ
240 1501 305 1559 τῶν
327 1497 451 1560 λευκῶν
475 1497 505 1574 (l.
528 1497 661 1579 λεπτῶν]
685 1497 772 1560 ἀλῶν
795 1496 894 1580 ἥδιον.

258 1586 329 1668 198,
355 1587 383 1649 1.
406 1585 556 1669 σορέλλη]
580 1585 698 1648 Mirum
721 1586 921 1650 vocabulum.
960 1584 1019 1661 Qu.
1043 1586 1139 1668 σορός
1162 1610 1201 1650 τε.

255 1675 328 1757 246,
353 1677 381 1738 2.
405 1675 574 1758 προσόζειν
598 1675 658 1759 -]
691 1675 736 1739 01.
761 1675 833 1756 Lys.
856 1675 929 1738 206.
953 1675 1088 1740 Philem.
1104 1673 1157 1757 41,
1174 1677 1203 1738 4.
1226 1678 1396 1758 προσῶζεν

166 1802 207 1809 -
231 1764 433 1846 ἡδυσμάτων.

255 1873 327 1934 254.
351 1873 454 1942 οὕτως
477 1873 583 1942 αὐτοῖς
606 1872 839 1954 ἀταλαιπώρως
861 1873 881 1954 ἡ
905 1873 1030 1955 ποίησις
1054 1871 1196 1955 διέκειτο]
1230 1870 1273 1934 01.
1297 1871 1394 1937 Thue.

163 1961 188 2024 I.
206 1962 257 2024 20.
274 1962 303 2022 4.
327 1962 430 2031 οὕτως
453 1961 674 2044 ἀταλαίπωρος
696 1967 760 2031 τοῖς
782 1961 910 2031 πολλοῖς
933 1962 953 2044 ἦ
978 1962 1103 2044 ζήτησις
1125 1967 1180 2044 τῆς
1203 1961 1361 2044 ἀληθείας.

256 2052 328 2112 255.
353 2049 509 2134 στροφέα]
535 2050 669 2134 Anglice
701 2051 844 2130 soeket‚
868 2051 992 2134 hinge.
1024 2051 1049 2114 Ι.
1074 2071 1102 2133 q.
1125 2050 1276 2132 πυθμένα
1300 2049 1393 2134 Soph.

165 2137 200 2202 Ο.
216 2139 253 2203 R.
278 2141 351 2202 261.
381 2139 426 2203 01.
451 2139 581 2203 Lueian.
606 2139 687 2203 Dial.
710 2140 787 2203 Mer.
811 2137 887 2202 XII.
904 2141 932 2201 3.
956 2139 1155 2222 παραγαγὼν
1178 2138 1233 2203 τὸν
1255 2143 1394 2224 στροφέα

163 2229 334 2312 παρῆλθον
357 2229 535 2312 ἀφόφητος.

255 2319 329 2380 268.
353 2319 505 2400 ἀνοιγέτω
529 2317 588 2401 -]
622 2318 668 2382 01.
696 2318 825 2383 Theoer.
855 2319 911 2398 24,
941 2319 992 2381 50.
1030 2319 1159 2383 ἀνστατε
1192 2316 1246 2400 δὴ,
1288 2319 1395 2401 δμῶες

162 2408 402 2489 ταλασίφρονες·
425 2406 521 2478 αὐτὸς
544 2408 636 2471 ἀῦτεῖ.
703 2475 708 2482 ,

254 2515 327 2594 295,
352 2517 380 2576 2.
404 2513 563 2598 ἐπίθημα]
589 2513 829 2597 Opereulum.
854 2514 901 2578 Cf.
918 2515 1013 2578 Arist.
1030 2513 1124 2597 Resp.
1140 2514 1256 2584 Athen.
1273 2515 1393 2580 eol.36.

162 2612 210 2685 τῷ
233 2603 268 2666 δὲ
291 2604 403 2687 χαλκῷ
426 2605 506 2686 ἐπῆν
528 2604 671 2687 ἐπίθημα
694 2612 753 2686 μιᾷ
775 2605 882 2686 ψήφῳ
904 2604 1016 2686 χώραν
1039 2605 1121 2685 ἔχον.

255 2694 329 2774 309,
353 2695 382 2755 4.
406 2692 619 2758 Retinendum
644 2692 803 2777 στρόφιον.
828 2692 873 2756 01.
897 2692 947 2756 Fr.
972 2694 1044 2756 509.
1070 2694 1143 2768 309,
1168 2694 1197 2755 4.
1221 2693 1294 2774 Lys.
1320 2694 1393 2757 931.

163 2783 216 2845 Th.
243 2782 315 2844 146.
345 2784 418 2845 258.
448 2783 521 2845 262.
551 2783 623 2846 608.
653 2784 726 2845 645.
759 2782 852 2846 Pher.
879 2780 920 2846 II.
950 2782 1023 2844 296.
1072 2781 1228 2845 (laesurae
1261 2782 1394 2848 durities

162 2873 198 2934 in
221 2871 420 2935 diversarum
442 2890 549 2935 rerum
573 2873 812 2935 enumeratione
836 2871 1019 2935 excusanda
1042 2879 1097 2935 est.

254 2961 328 3042 317,
352 2963 381 3022 2.
405 2958 628 3046 Πεπαρήθιον]
653 2959 698 3024 01.
723 2960 817 3044 Seph.
840 2960 896 3025 Ph.
923 2962 995 3024 548.
1023 2961 1080 3042 τὴν
1103 2962 1257 3044 εὔβοτρυν
1279 2959 1391 3024 Πεπά-

162 3050 277 3132 ρηθον.
301 3048 390 3113 Dem.
415 3070 443 3133 p.
469 3053 519 3112 35.
543 3050 626 3114 Plin.
651 3051 688 3113 N.
711 3051 753 3114 Η.
776 3051 807 3131 4,
833 3052 883 3114 72.
910 3052 959 3133 14,
985 3050 1034 3113 76.

254 3158 327 3239 320,
352 3160 380 3219 5.
404 3157 525 3241 φῦκος]
563 3157 608 3221 01.
641 3155 770 3220 Lucian.
797 3159 846 3240 17,
876 3158 926 3220 33.
959 3163 1064 3240 φῦκος
1102 3159 1346 3239 ἐντετριμμένον.

208 3246 462 3330 ῦπογράμματα]
488 3246 532 3310 01.
556 3247 687 3310 Lucian.
715 3248 764 3330 17,
785 3249 834 3310 33.
858 3247 1146 3329 ἀπογεγραμμένον
1168 3246 1242 3316 τοὺς
1265 3247 1390 3329 ὀφθαλ-

161 3336 273 3508 ιιι.
297 3335 556 3509 ..μιαν
573 3336 666 3488 ἓν
689 3335 1121 3508 ενι-ιιιιι
1145 3336 1247 3488 ιο
1270 3337 1392 3488 αι.

162 3516 247 3596 ἔχων
270 3515 409 3597 χλίδωνα
433 3515 487 3578 καὶ
509 3450 707 3598 τρυφῦῇμᾳόιλδί.
755 3515 798 3578 01.
822 3515 897 3577 Eur.
922 3512 974 3577 Or.
992 3514 1064 3576 910.
1088 3448 1391 3596 σύτουργδέῗοῖπερ

161 3604 215 3666 καὶ
238 3604 325 3687 (δὴῖ)
347 3604 444 3687 μόνοι
467 3605 605 3678 σώζουσι
629 3612 695 3687 γῆν.

253 3694 326 3757 350.
350 3694 458 3776 στέφω
481 3692 679 3777 κοτυλίσκον]
713 3693 758 3758 01.
782 3694 874 3758 Alex.
898 3691 955 3757 HI.
980 3694 1053 3755 435.
1085 3693 1257 3776 καρπίμοις
1279 3699 1391 3757 κισσοῦ

161 3783 292 3853 κλάδοις
312 3784 317 3866 Ι
337 3785 453 3866 ἔστεψα
478 3782 542 3863 (τόν
565 3784 728 3866 κρατῆρα).

252 3891 325 3953 409.
350 3890 394 3954 01.
419 3889 514 3972 Vesp.
539 3892 612 3956 438.
635 3891 672 3954 τά
696 3890 777 3973 πρὸς
799 3890 914 3954 ποδῶν
936 3889 1142 3972 Δρακοντίδη.

252 3981 325 4043 410.
350 3979 394 4043 01.
423 3978 552 4043 Lucien.
580 3981 656 4063 Fug.
682 3981 733 4043 28.
765 3979 911 4062 ἀπέκειρε
935 4015 977 4024 -
1001 3979 1122 4043 όπόσσν
1153 3979 1296 4062 περιττόν
1328 3986 1391 4050 τοῖς

162 4070 294 4151 ἱματίοις
316 4075 379 4134 τῶν
402 4069 575 4151 κροκύδων
598 4071 733 4133 ἐπανθεῖ
752 4070 783 4152 (1.
806 4069 956 4152 ἐπήνθει).

253 4160 327 4242 472,
351 4162 379 4221 2.
403 4159 459 4242 τὴν
483 4159 635 4243 ἀγκύλην]
659 4158 744 4241 Lege
766 4158 823 4242 τὴν
845 4160 930 4221 πάνυ
945 4159 1055 4241 καλήν,
1079 4165 1134 4221 aut
1155 4158 1212 4241 τὴν
1236 4160 1389 4241 χυτρείαν,

162 4246 220 4328 τὴν
242 4249 349 4330 καλήν.
389 4248 435 4312 01.
459 4247 536 4311 Ran.
564 4249 657 4311 1236.
685 4249 779 4330 λήψει
807 4249 868 4331 γὰρ
896 4247 1014 4331 ὀβολοῦ
1042 4248 1125 4310 πάνυ
1153 4249 1254 4330 καλήν
1276 4272 1308 4312 τε
1331 4248 1389 4310 κά-

165 4335 277 4416 γαθήν.
301 4336 379 4400 Plat.
403 4336 497 4421 Hipp.
521 4336 592 4420 Maj.
618 4339 681 4400 288
699 4337 731 4400 0.
759 4339 857 4422 χύτρα
875 4374 916 4381 -
932 4337 1022 4419 καλή.
1048 4338 1112 4400 290
1128 4335 1166 4400 D.
1193 4336 1250 4420 τὴν
1271 4338 1390 4420 χύτραν

166 4457 208 4571 ,Τ
232 4423 287 4505 τὴν
309 4427 417 4509 καλήν.
443 4429 507 4490 288
523 4425 560 4492 D.
588 4432 653 4490 τῶν
676 4427 785 4490 καλῶν
807 4432 942 4510 χυτρῶν.
972 4427 1036 4489 289
1054 4429 1090 4488 A.
1119 4431 1245 4509 χυτρῶν
1268 4428 1288 4510 ἡ
1312 4427 1388 4490 καλ-

185 4532 258 4593 ιστη.
