3460 5196
318 401 361 463 40
892 417 972 463 10100

316 579 365 643 Fr.
390 577 488 659 538),
516 578 635 661 ἔπηλις,
665 576 871 648 Γλαύκιππος
899 578 979 659 (non
1002 575 1035 639 Γ
1031 575 1231 659 λαύχιππος),
1260 577 1445 650 λεύκιππος,
1473 576 1543 639 λευ-

317 668 485 752 κηπατίας,
509 672 566 732 eto.

408 757 480 820 111.
504 757 646 839 σπέρμα]
672 756 716 821 01.
741 755 814 819 Eur.
839 756 906 838 Iph.
931 758 968 819 A.
994 756 1065 819 520.
1093 754 1128 819 τὸ
1155 754 1307 837 μαντικὸν
1330 761 1394 818 πᾶν
1417 757 1543 838 σπέρμα

318 848 483 930 φιλότιμον
506 847 616 910 κακόν.
646 845 794 910 1100111.
821 847 892 909 977.
921 845 981 909 εἴθ’
1006 844 1045 928 ἦν
1072 847 1207 928 ἄφωνον
1230 846 1355 927 σπέρμα
1381 845 1544 927 δυστήνων

316 939 452 1020 βροτῶν.
476 935 525 998 Fr.
545 936 638 999 1001.
663 936 713 998 ἀεί
732 934 802 997 ποτ’
819 934 880 998 ε’στί
895 935 1021 1017 σπέρμα
1038 935 1192 1017 κηρύκων
1207 935 1310 998 λάλον.
1334 934 1423 1015 Treg.
1440 934 1543 1017 adesp.

320 1026 392 1089 160.
419 1025 514 1088 τοίων
543 1024 603 1107 γὰρ
631 1025 760 1106 ἀνδρῶν
788 1025 902 1105 σπέρμ’
927 1024 1048 1088 ἔδωκεν
1071 1023 1224 1094 Ἑλλάδος
1246 1021 1429 1107 (Ἑλλάδιῗ).
1454 1021 1543 1088 Dem.

317 1137 346 1200 p.
372 1116 445 1193 784,
469 1115 520 1177 29.
544 1115 658 1177 Athen.
682 1112 740 1178 VI.
764 1113 828 1176 256
845 1113 881 1176 B.

410 1202 551 1272 11801.
576 1204 669 1266 Alex.
694 1204 772 1284 211,
799 1204 825 1264 1.
859 1203 941 1271 ὅστις
964 1202 1089 1266 διαπλεῖ
1107 1202 1274 1266 θάλατταν.
1308 1201 1391 1265 Men.
1417 1203 1489 1283 924,
1515 1204 1544 1264 3.

320 1292 371 1357 διὰ
395 1293 559 1376 θαλάττης.
588 1292 666 1356 Ptat.
692 1293 813 1356 Politio.
838 1293 902 1354 289
919 1291 954 1354 Ε.
983 1293 1014 1355 οῖ
1041 1291 1076 1355 δὲ
1103 1292 1194 1355 πόλιν
1223 1293 1259 1355 ἐκ
1282 1291 1407 1362 πόλεως
1430 1291 1543 1355 ἀλλάσ-

318 1407 424 1454 σοντες
447 1381 527 1446 κατὰ
550 1382 707 1446 θάλατταν
729 1382 783 1445 καλ
805 1384 893 1465 πεζῇ.

410 1472 481 1534 122.
506 1471 778 1555 ἐγκατακλινῆναι]
808 1470 852 1534 of.
877 1469 1030 1554 Hyperid.
1054 1490 1079 1532 o.
1105 1471 1155 1533 27.
1180 1471 1444 1554 ἐγκατακλιθῆναι
1467 1471 1545 1551 (sio)

320 1563 362 1632 εἰς
385 1561 420 1624 τὸ
444 1560 535 1643 ῖερόν.
576 1561 677 1625 Schol.
702 1560 965 1643 ἐγκατακλιθῆναι
980 1560 1248 1643 (ἐγκατακλινῆναι
1265 1559 1396 1637 Cobet).
1460 1561 1544 1623 κλιν-

319 1652 416 1735 θῆναι
439 1650 597 1733 (κλιθῆναι
621 1650 683 1728 id).

411 1741 482 1802 123.
505 1745 569 1803 τῶν
593 1739 756 1822 Κραναῶν
779 1747 831 1818 (so.
851 1738 1020 1822 Ἀθηνῶν).
1059 1737 1103 1802 01
1128 1737 1200 1820 Lys.
1223 1740 1296 1801 481.
1320 1739 1376 1820 τὴν
1392 1738 1546 1819 Κραναόν

320 1831 455 1910 (arcem).
480 1829 557 1890 th.
583 1829 632 1891 75.
657 1828 747 1892 Pind.
773 1828 819 1892 ol.
845 1828 914 1891 VH.
942 1829 1013 1891 151.
1036 1827 1200 1909 Κρανααῖς
1223 1829 1257 1891 έν
1276 1828 1435 1898 Ἀθάναις.

412 1917 483 1980 126.
506 1915 675 2003 Σκελλίου]
701 1920 729 1980 A
754 1938 836 1982 nom.
862 1917 1020 1987 Σκελλίας.
1060 1916 1104 1981 01.
1129 1918 1168 1980 ad
1192 1917 1269 1980 Ran.
1296 1917 1367 1980 008.

412 2008 473 2069 127
492 2027 536 2089 sq.
561 2006 604 2070 01.
629 2007 711 2070 Nub.
738 2008 822 2070 1250
839 2027 884 2090 sq.
909 2006 987 2070 Ran.
1013 2008 1053 2070 96
1071 2026 1116 2088 sq.

412 2097 482 2158 131.
506 2095 651 2179 παρέσει]
687 2096 729 2160 01.
754 2095 826 2177 Lys.
854 2096 946 2158 1101.
980 2095 1031 2158 ἐπὶ
1062 2097 1091 2159 τί
1120 2096 1253 2176 πάρεστε
1286 2097 1399 2177 δεῦρο;
1431 2095 1546 2159 Bubul.

319 2185 376 2249 ΙΠ.
402 2186 474 2247 262.
498 2187 699 2267 μακροτέρας
723 2186 752 2249 δ’
776 2187 874 2267 οὔσης
895 2183 899 2269 ]
919 2185 1006 2247 πλεῖν
1029 2188 1048 2268 ῆ
1074 2186 1162 2249 δυοῖν
1189 2185 1303 2249 ποδοῖν
1326 2192 1470 2268 παρεῖναι
1492 2193 1548 2270 τῆς

321 2280 418 2344 σκιᾶς.
444 2273 610 2338 Archedio.
636 2278 664 2353 2,
689 2277 717 2336 2.
741 2276 884 2355 πάρεισιν
908 2276 938 2338 οῖ
960 2275 1156 2357 κεκλημένοι.
1181 2273 1315 2338 Straton.
1343 2276 1369 2358 1,
1392 2276 1419 2337 9.
1444 2275 1549 2345 οὐδεὶς

322 2365 473 2446 παρέσται
497 2368 550 2442 (so.
575 2364 625 2426 ἐπὶ
649 2364 794 2442 δεῖπνον).
818 2363 936 2428 Herod.
952 2364 976 2427 I.
995 2366 1066 2427 118.
1091 2365 1226 2446 πάρισθί
1247 2368 1322 2440 (non
1345 2365 1469 2447 πάριθι)
1491 2389 1548 2446 μοι

320 2453 370 2516 ἐπὶ
395 2453 529 2516 δεῖπνον.
553 2453 576 2516 Ι.
604 2454 675 2515 126.
701 2455 729 2514 2.
759 2453 889 2533 δεύτερά
912 2477 968 2534 σφι
995 2459 1127 2535 προεῖπε
1155 2454 1187 2523 ἒς
1209 2453 1265 2535 τὴν
1288 2455 1453 2536 ὑστεραίην
1475 2477 1547 2516 πα-

321 2549 440 2624 ρεῖναι
465 2543 724 2625 λελουμένους.
749 2542 827 2606 Ρ101.
843 2542 939 2626 Hipp.
956 2544 1027 2622 maj.
1043 2563 1071 2626 p.
1090 2541 1152 2606 286
1166 2542 1198 2606 0.
1223 2541 1288 2606 ἀλλ’
1305 2543 1396 2614 ὅπως
1418 2545 1549 2624 παρέσει

321 2632 375 2695 καὶ
398 2630 492 2701 αύτδς
515 2631 568 2694 καὶ
591 2631 705 2702 ἄλλους
728 2627 818 2706 ἄξεις.

413 2722 483 2783 133.
508 2721 561 2784 καί
592 2721 753 2803 μηδαμῶς
785 2721 889 2791 ἄλλως
920 2720 1075 2804 ποιήσεις]
1110 2720 1254 2784 Pendent
1285 2723 1362 2786 haec
1394 2743 1413 2784 a
1444 2741 1549 2802 praee.

322 2810 424 2880 ὅπως.
464 2808 508 2872 01.
532 2810 684 2893 Theophr.
709 2809 868 2873 0110124.
891 2810 946 2872 καὶ
969 2810 1154 2873 ἐπιστέλλων
1171 2847 1212 2856 -
1230 2811 1351 2893 γράψαι
1375 2848 1415 2855 -
1434 2809 1551 2882 Ὅπως

320 2899 425 2969 ἄλλως
440 2899 485 2981 μὴ
502 2901 593 2962 ἔσται.
663 2899 740 2962 εἰδὲ
754 2897 813 2982 μὴ]
839 2898 883 2961 01.
896 2899 967 2962 Ραο.
980 2900 1043 2961 380
1056 2917 1101 2979 sq.
1118 2898 1213 2980 Vesp.
1225 2902 1290 2964 434
1300 2920 1345 2982 sq.
1362 2900 1439 2963 Ran.
1452 2901 1526 2963 629.

413 2989 484 3051 136.
507 2989 537 3050 τί
558 2988 610 3051 δαὶ
633 2988 704 3072 σύ,·]
730 2987 774 3052 of.
798 2987 871 3070 Lys.
898 2990 969 3051 136.
994 2988 1072 3052 Aeh.
1097 2990 1170 3052 803.
1194 2989 1272 3052 Ran.
1299 2991 1392 3053 1454.

415 3078 486 3140 130.
510 3077 617 3148 καλῶς
634 3101 668 3158 γε
685 3076 742 3160 -]
768 3075 811 3140 01.
829 3077 920 3140 Pher.
940 3078 1011 3159 149,
1029 3078 1057 3139 2.
1081 3078 1180 3141 καλόν
1203 3103 1238 3160 γε
1254 3079 1363 3162 δῶρον
1378 3077 1443 3142 ἕπτ’
1467 3080 1552 3161 ἔχειν

322 3167 529 3248 λαικαστρίας.
569 3166 684 3231 Confer
706 3186 822 3231 nomen
846 3166 1012 3250 Στιλβίδης
1035 3166 1108 3231 Pao.
1135 3168 1228 3231 1031.
1410 3177 1412 3182 '

413 3257 484 3319 141.
509 3255 554 3319 01.
581 3258 652 3320 979.
681 3257 741 3320 οὐκ
765 3257 826 3319 ἔσει
849 3257 888 3319 ού
912 3256 942 3337 (l.
966 3256 1026 3320 οὐκ
1050 3256 1143 3336 ἔσεαι)
1165 3257 1299 3339 τρυγὼν,
1324 3259 1362 3321 ού
1385 3259 1485 3332 λάϊος,
1509 3259 1551 3322 οὐ

323 3343 550 3428 δρυκολάπτης.
586 3346 680 3408 1133.
713 3346 759 3409 Ρ1.
787 3347 879 3407 1114.
913 3346 1017 3416 οὐδεὶς
1045 3347 1083 3409 οὐ
1106 3346 1291 3429 λιβανωτὸν,
1319 3348 1357 3411 οὗ
1382 3347 1517 3431 δάφνην,
1546 3345 1549 3434 ]

323 3436 362 3498 ού
384 3434 527 3516 ηιαιστὸν,
556 3435 616 3517 οὐχ
639 3436 759 3516 ἱερεῖον,
788 3436 847 3499 ούκ
876 3434 942 3497 ἄλλ’
966 3435 1076 3499 οὐδεὲν
1100 3443 1157 3500 oto.
1186 3437 1265 3500 th.
1291 3438 1340 3499 34.
1366 3435 1449 3500 Eool.
1473 3438 1550 3499 452.

324 3524 387 3587 560
404 3543 449 3606 sq.
476 3523 538 3586 565
556 3544 601 3607 sq.

325 3638 328 3644 ·
414 3614 485 3676 143.
509 3611 538 3677 ὦ
562 3613 750 3695 δειλακρίων
779 3613 817 3677 σὺ
845 3620 909 3677 τῶν
936 3619 1048 3678 κακῶν
1076 3615 1154 3677 οἴων
1178 3612 1269 3702 ε’ρᾷς]
1300 3614 1345 3679 of.
1369 3614 1426 3698 loq.
1453 3617 1551 3679 1218.

323 3703 411 3785 οἴμοι
433 3707 497 3766 τῶν
520 3703 655 3784 ἀγαθῶν
680 3703 766 3766 ὅσων
789 3702 876 3766 πλέα.

325 3817 327 3823 ·
415 3794 486 3855 145.
511 3790 556 3854 01.
580 3789 669 3856 Dent.
693 3813 722 3876 p.
746 3794 821 3872 438,
848 3794 897 3856 19.
924 3793 1027 3875 μόνον
1055 3793 1115 3856 οὐκ
1143 3794 1193 3857 ἐπὶ
1220 3794 1276 3877 τὴν
1300 3794 1463 3876 Ἐρυθρὰν
1485 3796 1551 3858 θά-

322 3881 433 3944 λατταν
465 3881 632 3964 πρεσβείας
663 3882 805 3964 πέμπειν.
844 3881 1036 3946 Scholiastae
1068 3883 1167 3946 verbe
1195 3883 1342 3947 emendat
1369 3883 1478 3947 Valok.
1509 3885 1552 3947 ad

324 3969 441 4035 Herod.
465 3970 521 4034 IV.
547 3972 597 4034 80.

416 4059 487 4122 146.
511 4059 721 4144 ἀνακύψεται]
756 4059 939 4144 Emerget.
981 4062 1073 4144 Angl.
1103 4062 1183 4124 will
1211 4082 1282 4145 pop
1306 4082 1362 4146 up.
1401 4062 1445 4127 of.
1469 4061 1552 4126 Ran.

326 4150 419 4212 1008.
443 4149 514 4231 περὶ
537 4148 610 4220 τοὺς
633 4150 726 4232 ἰχθύς
749 4150 915 4232 ἀνέκυψεν.
940 4149 1017 4213 Plat.
1042 4151 1158 4215 Phaed.
1185 4152 1247 4214 109
1263 4150 1298 4215 Ε.
1323 4157 1379 4216 oto.

415 4239 487 4300 147.
511 4239 603 4302 Aliae
627 4240 771 4304 triremes
799 4240 834 4302 in
862 4259 955 4302 usum
980 4240 1141 4323 publicum
1168 4241 1341 4306 destinatae
1365 4247 1455 4304 erant
1472 4241 1552 4324 Ἀμ.

322 4327 446 4409 μωνιάς
482 4329 566 4410 (sive
592 4328 782 4411 Ἄμμωνίς),
815 4327 1009 4411 Δημητριύις,
1042 4330 1220 4412 Ἀντιγονῖς,
1258 4350 1339 4413 quae
1371 4336 1474 4394 tamen
1509 4333 1554 4395 ad

324 4417 533 4482 recentiorem
567 4423 701 4482 aetatem
734 4417 903 4501 pertinent.
943 4418 987 4482 of.
1017 4419 1091 4483 Eur.
1115 4419 1182 4503 Iph.
1206 4423 1244 4484 A.
1269 4423 1342 4483 411.
1371 4419 1482 4490 Ἑλλὰς
1516 4421 1554 4485 δὲ

324 4505 382 4570 σὺν
405 4506 455 4570 σοὶ
476 4506 556 4570 κατὰ
580 4506 658 4571 θεὸν
681 4513 769 4571 νοσεῖ
787 4531 861 4571 τινα.
