3440 5196
254 347 257 353 Ι
302 386 366 448 344
844 403 991 450 lunasni-

264 609 266 612 -
392 566 465 628 853.
489 563 645 645 προσόδια
669 564 807 648 μεγάλα]
832 562 875 627 01.
900 563 982 627 Nub.
1007 563 1080 626 307.
1104 563 1176 626 Pae.
1200 564 1272 626 397.
1289 562 1469 644 προσόδοις
1487 601 1530 609 -

326 655 471 736 εγάλαισι.

299 679 324 737 μ
390 745 463 807 892.
488 743 547 806 οὐκ
572 744 604 813 ἐς
619 743 763 824 κόρακας
778 742 989 826 ἀποφδερεῖ,·]
1015 743 1132 806 Eadem
1151 741 1248 806 verbe
1262 747 1338 806 sunt
1353 741 1382 804 Ν
1386 741 1436 804 ub.
1455 742 1529 804 789.

344 833 466 914 βύρσης
489 831 548 915 -]
574 831 618 896 01.
645 832 738 915 Vesp.
763 833 813 895 38.
840 833 933 895 1029.
958 831 1029 894 Pae.
1055 833 1127 894 753.

391 923 463 984 919.
487 927 569 984 παῦε
601 920 682 983 παῦ’
705 920 881 1004 ὑπερζέων]
915 918 958 983 01.
985 921 1056 984 Pae.
1082 921 1154 983 326.
1186 926 1268 983 παῦε
1299 919 1377 983 παῦ’
1410 920 1527 1002 δρχού·

300 1035 403 1093 μενος.
429 1011 488 1072 Av.
514 1011 608 1074 1243.
632 1015 714 1074 παῦε
736 1016 800 1073 τῶν
823 1010 1073 1092 παφλασμάτων.

391 1102 462 1163 954.
488 1100 593 1181 δημοῦ
616 1099 740 1183 βοείου]
766 1097 809 1162 01.
835 1099 928 1182 Vesp.
953 1099 1004 1162 40.
1027 1099 1134 1182 βόειον
1158 1099 1270 1181 δημόν.

392 1190 485 1252 1026.
508 1195 572 1252 τῶν
595 1189 710 1270 λογίων
733 1187 911 1272 παρεσθίει]
941 1189 987 1253 01.
1011 1189 1084 1252 Pae.
1109 1189 1182 1250 415.
1205 1194 1260 1250 τοῦ
1284 1188 1405 1251 κύκλου
1429 1189 1528 1268 παρέ-

300 1302 433 1361 τρωγον.
457 1277 534 1341 Ran.
561 1279 633 1341 988.
656 1285 711 1360 τῆς
734 1277 828 1348 ἐλάας
850 1279 1053 1360 παρέτραγεν.

392 1386 485 1448 1054.
508 1385 789 1469 παρεκινδύνευσε]
814 1384 859 1449 01.
883 1385 961 1449 Ran.
988 1386 1037 1447 99.
1061 1383 1438 1468 παρακεκινδυνευμένον.

392 1475 485 1538 1078.
509 1473 644 1557 τούτοις]
670 1472 727 1550 Qu.
751 1475 871 1544 τούτοις
895 1472 933 1536 δ’.

392 1565 486 1626 1128.
509 1563 698 1646 προστάτην]
724 1564 768 1628 01.
792 1563 867 1628 Eur.
891 1563 940 1627 Fr.
969 1565 1039 1645 194,
1064 1566 1093 1626 4.
1117 1564 1294 1646 προστάτην
1317 1563 1445 1646 χθονός.

393 1652 485 1715 1130.
509 1650 605 1736 ἄρας]
639 1651 714 1716 Sub.
746 1653 803 1735 τὴν
834 1658 932 1735 χεῖρα.
972 1651 1093 1715 Similis
1126 1652 1246 1735 ellipsis
1278 1659 1326 1716 est
1356 1652 1430 1734 Lys.
1456 1652 1529 1714 799.

301 1743 462 1812 ἀνατείνας
485 1741 565 1824 (sub.
588 1742 634 1805 τὼ
657 1742 771 1824 σκέλη).

394 1833 486 1894 1134.
510 1832 612 1912 τούτῳ
635 1831 719 1893 πάνυ
742 1830 861 1914 πολλή]
886 1831 971 1914 Lege
995 1831 1079 1893 οὕτω
1096 1831 1180 1894 πάνυ
1196 1831 1306 1914 πολλή.
1331 1829 1375 1893 01.
1392 1830 1437 1892 Pl.
1455 1832 1529 1893 389.

301 1921 387 1984 οὕτω
410 1920 495 1983 πάνυ
518 1920 619 1983 πολλὰ
642 1920 820 2001 κέκλοφας;

394 2028 486 2090 1181.
510 2028 530 2109 ἡ
555 2027 755 2110 γοργολόφα]
789 2026 872 2110 Lege
905 2029 924 2110 ἡ
956 2027 1165 2110 γοργολόφας.
1204 2028 1257 2091 sie
1289 2029 1308 2090 ό
1331 2027 1530 2108 λευκολόφας

301 2114 376 2178 Eur.
387 2117 442 2179 Ph.
456 2118 527 2180 119.
560 2115 753 2197 Γοργολόφα
770 2119 934 2180 vocativus
951 2123 1006 2181 est.
1036 2116 1087 2179 Sic
1103 2117 1265 2179 111561.
1290 2114 1319 2180 ὦ
1335 2117 1530 2197 γοργολόφα.

393 2206 486 2268 1226.
511 2206 559 2268 ἐπ’
584 2205 702 2287 ἀγαθῷ
718 2243 759 2250 -
776 2213 813 2288 τῇ
836 2206 940 2289 πόλει]
965 2205 1010 2269 01.
1034 2206 1113 2269 Ran.
1140 2207 1233 2268 1487.
1258 2206 1306 2268 ἐπ’
1331 2206 1448 2286 ἀγαθῷ
1470 2205 1531 2287 μὲν

301 2301 364 2364 τοῖς
387 2295 538 2367 πολίταις,
562 2295 611 2356 ἐπ’
635 2295 753 2376 ἀγαθῷ
777 2295 811 2357 δὲ
833 2301 897 2365 τοῖς
920 2297 1034 2358 ἑαυτοῦ
1058 2291 1217 2377 ξυγγενέσι
1241 2332 1297 2356 -.
1321 2294 1367 2357 Pl.
1392 2297 1465 2357 888.

394 2386 487 2445 1285.
511 2383 725 2466 κασαυρίοισι]
751 2383 796 2447 01.
819 2384 946 2448 fabulae
970 2384 1138 2447 Plautinae
1163 2403 1280 2447 nomen
1304 2383 1450 2447 ‘Casina'

393 2474 486 2535 1292.
511 2473 644 2554 φαύλως
667 2473 779 2556 έοδίει]
804 2472 858 2547 01.,
873 2473 945 2538 Pae.
972 2477 1022 2536 25.
1046 2474 1179 2554 φαύλως
1202 2473 1319 2556 ἐρείδει.

395 2563 486 2624 1312.
511 2560 594 2644 Lege
617 2565 637 2644 ἢ
662 2563 704 2632 εἰς
731 2561 766 2625 τὸ
792 2568 857 2626 τῶν
885 2569 1011 2645 σεμνῶν
1034 2564 1130 2626 θεῶν.
1175 2563 1219 2626 01.
1242 2563 1296 2625 Τ11.
1321 2564 1394 2624 224.
1424 2565 1467 2633 εἰς
1495 2563 1531 2625 τὸ

302 2656 367 2713 τῶν
390 2657 517 2733 σεμνῶν
540 2653 628 2715 θεῶν
651 2652 794 2734 (φεύγω).

394 2759 488 2820 1314.
513 2757 557 2821 01.
581 2758 791 2822 Τ11110111θοῐ11.
818 2761 844 2841 l,
869 2762 897 2821 8.
921 2760 979 2842 ἔβα
1002 2759 1108 2822 πλέων
1132 2761 1175 2829 εἰς
1198 2759 1342 2841 ὄλεθρον.
1390 2825 1393 2831 ,

394 2848 487 2911 1318.
512 2846 557 2911 01.
581 2845 663 2910 Nub.
691 2848 783 2910 1205.
808 2849 857 2910 ἐπ’
881 2849 1065 2931 εὐτυχίαισιν
1088 2849 1199 2930 ᾀστέον
1221 2849 1439 2931 μούγκώμιον.

394 2938 487 2999 1328.
511 2935 550 2999 ἵν’
575 2975 616 2981 -
641 2937 769 3020 ἐνοικεῖ]
795 2937 838 3000 01
863 2936 946 3000 Nub.
972 2939 1022 3000 95.
1046 2938 1173 3000 ἐνταῦθ’
1197 2940 1364 3000 ένοικοῦο’.

313 3094 315 3100 ,
393 3027 487 3088 1372.
511 3032 567 3088 τοῦ
590 3025 806 3109 Κλεωνύμου]
832 3027 891 3103 Qu.
914 3026 969 3090 τὸν
991 3026 1200 3109 Κλεωνύμου.

395 3117 488 3178 1382.
513 3116 637 3198 σμύρνη
661 3115 879 3198 κατάλειπτος]
905 3113 949 3178 01.
974 3115 1045 3178 Pae.
1070 3117 1144 3178 862.
1166 3117 1263 3198 μύρῳ
1286 3117 1496 3186 κατάλειπτος.

393 3206 487 3268 1383.
511 3205 735 3287 παυσαμένους
757 3204 986 3288 ψηφισμάτων]
1016 3205 1060 3269 01.
1084 3205 1157 3289 Lys
1183 3206 1254 3269 704.
1284 3206 1355 3288 οὐχὶ
1380 3205 1422 3290 μὴ
1446 3207 1530 3268 παύ-

303 3295 404 3376 σησθε
426 3299 490 3357 τῶν
513 3294 738 3377 ψηφισμάτων.

394 3385 488 3446 1399.
512 3381 636 3465 κύνεια]
669 3383 758 3446 Adde
784 3385 867 3457 ὕεια,
897 3384 1080 3465 δελφάκεια,
1108 3386 1224 3447 ἵππεια.
1263 3385 1382 3448 Similis
1411 3384 1532 3467 ellipsis

303 3475 407 3536 estin
431 3471 543 3536 Latino
567 3472 693 3536 ‘ferina'
716 3473 795 3555 (sub.
813 3472 928 3554 ‘car0’‚
954 3475 1061 3556 Virg.).

803 3630 1027 3715 Lysistrata.

417 3777 466 3839 70.
491 3775 573 3858 Lege
597 3777 657 3839 οὐκ
682 3777 791 3840 ἔπαῖνο
816 3775 985 3860 Μυρρίνην
1009 3814 1064 3839 -.
1104 3777 1149 3841 01.
1173 3779 1214 3842 ad
1236 3778 1289 3840 Th.
1315 3779 1408 3840 1213.

417 3867 466 3928 94.
490 3865 625 3946 μύσιδδέ
647 3865 710 3949 τοι]
735 3865 818 3948 Lege
841 3867 975 3947 μύσιδδέ
997 3891 1062 3930 νυν.

417 3955 466 4017 95.
491 3955 511 4016 ὅ
533 3979 559 4016 τι
582 3955 639 4037 λῇς
661 3956 738 4018 πόδ’
763 3954 841 4038 ἁμέ]
866 3956 924 4032 Qu.
949 3956 969 4018 ὅ
990 3981 1017 4018 τι
1040 3957 1096 4039 λῇς
1118 3957 1193 4040 ποχ’
1218 3957 1287 4038 ἁμέ.

394 4046 466 4107 131.
491 4042 520 4106 ὦ
544 4043 662 4127 ψῆττα]
686 4044 839 4108 Similiter
862 4045 945 4109 Nub.
971 4047 1065 4108 1298.
1089 4043 1118 4109 υἷι
1141 4046 1304 4128 σαμφόρα.

394 4133 466 4195 144.
491 4131 549 4209 Qu.
578 4134 670 4214 ὅμως
703 4157 737 4215 γε
772 4133 837 4216 μάν
867 4135 926 4207 δεῖ,
955 4140 1010 4204 τᾶς
1038 4134 1099 4217 γὰρ
1127 4135 1253 4217 εἰράνας
1279 4136 1379 4218 μέλει,
1408 4141 1465 4200 aut
1489 4175 1531 4182 —

304 4221 354 4284 δεῖ
372 4227 427 4292 τᾶς
451 4246 489 4303 γα
513 4223 661 4304 λῗειράνας
683 4222 758 4305 μάλ’
782 4221 831 4286 αὗ.

395 4312 466 4375 157.
491 4313 627 4394 ἀφίωσιν
651 4333 723 4376 mss.
748 4313 865 4394 ἀφίωσ’
889 4311 1013 4379 Kuster.
1037 4313 1131 4377 Dind.
1171 4312 1379 4378 Scribendum
1403 4314 1532 4397 ἀφιῶσ’.

396 4403 466 4464 180.
491 4400 548 4478 Qu.
577 4402 666 4464 πάντ’
695 4400 729 4465 εὖ
761 4402 793 4464 κ’
821 4404 900 4485 ἔχοι,
933 4403 986 4466 καὶ
1020 4405 1094 4486 τᾷδε
1126 4403 1187 4486 γάρ
1218 4403 1326 4476 καλῶς
1357 4405 1429 4488 ἔχει.
1469 4403 1534 4472 Sed

303 4510 416 4554 verum
440 4510 508 4559 esse
531 4497 633 4557 πανιᾶ
657 4489 824 4560 ostendere
848 4491 972 4556 videtur
995 4493 1049 4556 καί
1071 4493 1160 4576 τᾷδε.
