3358 5194
675 443 790 494 ετσισε
1281 423 1344 491 231

211 606 283 670 727.
316 605 419 672 Schol.
458 606 604 672 ἐκάλεσεν
641 607 839 688 (ἐκόλσυνῗ).
908 606 989 670 Ibid.
1028 607 1056 669 δ’
1094 605 1162 690 (ἥδ’
1199 605 1346 688 Porson.)

118 697 289 768 ἐπείσοδος.

210 788 282 849 732.
306 784 501 869 ἐπόππυσεν]
526 785 713 850 0111111061.
731 786 782 867 21,
801 786 829 848 7.
854 785 1020 858 ἐπόππυσ’,
1037 785 1088 848 εἶτ’
1105 786 1247 849 ἐκέλευσε
1265 787 1345 868 πέμ-

116 899 187 938 πειν
210 876 379 958 σαργάνας.

210 965 283 1027 739.
306 965 352 1028 τὼ
375 963 453 1047 χεῖρ’
477 964 677 1047 ἀνεκρότηά]
702 962 748 1028 01.
771 962 829 1045 Eq.
847 964 920 1026 651.
944 965 975 1027 σί
998 964 1027 1027 δ’
1051 963 1266 1048 ἀνεκρότησαν
1289 970 1347 1029 etc.

117 1052 197 1115 Ran.
224 1054 319 1117 1029.
343 1052 425 1117 Plut.
449 1052 527 1116 Mar.
547 1056 597 1116 44.
622 1053 763 1123 ἀκούσας
786 1051 844 1117 οὗν
868 1053 986 1123 ἐκεῖνος
1010 1091 1051 1100 -
1075 1054 1192 1136 λέγεται
1217 1091 1259 1099 -
1282 1060 1348 1123 ταῖς

116 1143 224 1225 χερσὶν
247 1143 305 1225 ἀφ’
328 1143 447 1225 ἡδονῆς
470 1142 691 1225 ἀνακροτῆσαι.

212 1234 285 1295 755.
310 1233 370 1296 οὐκ
393 1233 429 1295 ἐκ
454 1229 593 1317 δικαίου]
617 1230 701 1314 Lego
723 1231 768 1314 μὴ
795 1231 823 1295 ’κ
846 1237 903 1295 τοῦ
928 1232 1059 1296 δικαίου.
1098 1231 1143 1296 01.
1167 1234 1226 1296 Av.
1253 1233 1347 1295 1435.

117 1321 153 1383 ἐκ
177 1327 234 1385 τοῦ
260 1321 383 1384 δικαίου
407 1322 496 1404 (ζῆν).
518 1321 640 1403 μᾶλλον
662 1324 683 1403 ἢ
708 1321 921 1404 δικορραφεῖν.

210 1428 284 1490 756.
308 1428 412 1510 ὀφρῦς
435 1426 583 1512 συνῆγον]
612 1425 657 1490 01.
680 1427 764 1491 Nub.
789 1429 862 1491 582.
885 1427 940 1498 τὰς
963 1428 1067 1512 ὀφρῦς
1089 1428 1274 1511 ξυνήγομεν.
1298 1428 1348 1492 Fr.

120 1518 194 1580 563.
229 1517 410 1600 σκληροῖσιν
442 1519 538 1587 οἴνοις
572 1518 743 1598 συνάγουσι
774 1515 829 1586 τάς
861 1516 965 1599 ὀφρῦς
996 1542 1028 1581 τε
1055 1518 1109 1580 καλ
1135 1518 1191 1600 τὴν
1218 1517 1347 1581 κοιλίαν.

116 1607 251 1690 Antiph.
274 1606 331 1670 III.
358 1607 429 1669 128.
459 1606 675 1688 συναγαγόντα
707 1605 762 1676 τάς
798 1606 909 1688 ὀφρῦς.
944 1607 1100 1670 Aristaen.
1125 1607 1223 1691 Epist.
1246 1606 1272 1670 I.
1298 1608 1347 1669 17.

115 1695 161 1778 μὴ
187 1696 407 1777 σκυθρώπαζε
434 1696 515 1778 καλή
544 1719 578 1778 γε
601 1694 681 1759 οὖσα
704 1695 788 1778 μηδὲ
810 1695 865 1766 τὰς
889 1696 993 1778 ὀφρύς
1019 1697 1142 1778 σύναγε.
1182 1694 1234 1760 Sic
1256 1699 1347 1770 τοξο-

115 1791 230 1848 ποκεῖν
262 1785 317 1855 τὰς
349 1785 453 1867 ὀφρῦς
487 1783 559 1866 LyS.
585 1786 612 1847 9.
652 1783 884 1869 Exspectabam
911 1785 967 1855 τὰς
990 1791 1063 1849 ante
1092 1786 1203 1868 ὀφρύς.
1243 1783 1348 1860 Quare

116 1874 390 1958 paratragoediam
413 1875 492 1939 haec
515 1893 584 1939 esse
607 1874 762 1956 suspicari
785 1875 866 1937 licet.

211 1964 286 2026 763.
310 1963 411 2046 ἄλφιτ’
435 1964 495 2027 οὐκ
519 1965 634 2027 ἔνεστιν
657 1966 691 2026 ἐν
714 1971 761 2046 τῷ
783 1962 936 2047 θυλάκῳ]
961 1963 1006 2027 01.
1029 1963 1149 2027 Herod.
1173 1962 1230 2027 III.
1250 1964 1348 2027 462.

115 2052 265 2116 θύλακον
288 2053 435 2136 ἀλφίτων.

210 2159 286 2222 764.
310 2159 354 2224 01.
379 2159 437 2242 Eq.
463 2160 536 2223 647.
571 2158 622 2224 εἶτ’
655 2160 849 2243 ἐστεφάνουν
880 2159 916 2242 μ’
939 2160 1112 2242 εὐαγγέλια.
1149 2159 1221 2223 656.
1252 2160 1349 2223 Τλταο.

117 2249 172 2312 IV.
201 2249 276 2311 121.
303 2248 358 2313 τὸν
384 2249 546 2330 Βρασίδαν
571 2286 611 2295 -
635 2257 748 2332 χρυσῷ
775 2250 922 2331 στεφάνῳ
949 2249 1114 2332 ἀνέδησαν.
1146 2247 1226 2313 Plat.
1251 2249 1349 2313 Conv.

117 2340 182 2402 212
200 2338 239 2400 Ε.
263 2338 390 2420 ἄνδρες,
418 2339 490 2422 ἥκω
519 2338 569 2401 ἐπὶ
591 2344 628 2421 τῇ
652 2338 776 2421 κεφαλῇ
800 2340 885 2420 ἔχων
907 2337 962 2408 τάς
983 2338 1113 2411 ταινίας,
1141 2339 1191 2401 ἵνα
1213 2339 1270 2421 τὴν
1292 2345 1349 2402 τοῦ

116 2427 311 2508 σοφωτάτου
334 2427 387 2490 καλ
410 2428 575 2492 καλλίστου
599 2428 799 2510 (Agathonis)
822 2427 965 2510 κεφαλὴν
988 2427 1149 2510 ἀναδήσω.
1175 2426 1257 2491 Plut.
1278 2427 1348 2491 Per.

117 2519 167 2580 28.
194 2517 229 2579 αἱ
253 2523 397 2598 γυναῖκες
420 2518 585 2600 στεφάνοις
609 2516 745 2581 ἀνέδουν
762 2516 879 2598 (αὐτὸν)
902 2516 956 2581 καλ
970 2518 1098 2586 ταινίαις
1114 2517 1223 2599 ὥσπερ
1247 2517 1348 2600 ἀθλη-

113 2607 170 2689 τὴν
195 2605 383 2688 νικηφόρον.

121 2791 123 2796 Α
209 2713 284 2776 765.
307 2711 509 2797 κριόανιτιῖνν]
543 2713 588 2778 01.
616 2714 695 2777 Aah.
725 2715 776 2777 87.
802 2714 898 2779 1123.
938 2712 991 2777 Sic
1024 2714 1166 2796 ζυμίτης,
1200 2714 1349 2796 σποδίτης

114 2803 360 2885 θ1κρηοερίτης
393 2803 500 2886 (Diph.
524 2802 579 2866 IV.
605 2802 707 2884 387.),
740 2804 904 2885 τηγανίτης
936 2802 1108 2886 (Ηίρροῐι.)
1141 2804 1350 2886 αύτοπυρίτης

115 2893 253 2974 (Phryn.
278 2893 355 2971 38),
379 2891 574 2974 ἀλειφατίτης
598 2895 650 2970 (sc.
674 2893 782 2973 ἀρτος,
806 2891 917 2976 Ερίολι.
941 2912 969 2975 p.
992 2892 1068 2974 37),
1092 2893 1236 2975 ὀρυζίτης
1259 2893 1349 2975 (πλα-

113 2984 220 3061 κοῦς),
246 2981 400 3064 ἀμομίτης
423 2980 599 3064 (Hesych.),
622 2981 806 3064 ὀστρακίτης
829 2986 861 3044 et
884 2981 1041 3064 ἀττανίτης
1064 2983 1099 3064 (i.
1125 3002 1152 3064 q.
1175 2983 1348 3065 τηγανίτης,

114 3072 235 3134 Athen.
260 3069 348 3133 XIV.
373 3069 512 3152 64711).
1207 3075 1209 3081 ‘

208 3177 285 3240 769.
310 3175 503 3241 0111111001.
530 3179 558 3258 7,
582 3180 611 3240 2.
635 3175 728 3249 οὗτος
753 3177 788 3242 δ’Ι
805 3179 889 3241 ἔοικε
911 3183 975 3248 τοῖς
998 3178 1166 3260 νεωνήτοις
1189 3177 1315 3261 Σύροις.

208 3267 284 3330 772.
309 3265 354 3330 01.
378 3266 462 3330 Nub.
488 3268 560 3330 300.
583 3267 720 3348 λιπαρὰν
742 3267 846 3350 χθόνα
870 3265 1051 3337 Παλλάδος.

208 3357 284 3419 773.
307 3355 453 3440 ἐδέξατο]
491 3356 628 3438 ἐγείνατο
666 3357 787 3420 dixisse
825 3357 980 3439 tragicum
1012 3361 1136 3439 poetam
1170 3358 1350 3441 suspicatur

113 3444 405 3687 ἷῑῃζλὲίῇβάλέξ)
421 3534 453 3604 ἐς
476 3533 636 3618 κόρακας]
671 3533 713 3598 01.
737 3534 821 3599 Nub.
849 3537 920 3597 133.
951 3535 1006 3598 Th.
1033 3536 1126 3598 1079.
1155 3535 1250 3618 Vesp.
1276 3536 1349 3598 835.

154 3675 160 3687 .
259 3670 265 3684 .
316 3643 338 3685 r.
407 3673 414 3685 .

208 3731 284 3792 785.
309 3727 354 3791 01.
378 3728 493 3793 Oratin.
519 3732 593 3814 239,
618 3734 646 3793 2.
674 3730 752 3813 μετὰ
779 3731 867 3813 χερσί
896 3731 930 3794 δὲ
958 3731 1062 3814 μῆλον
1089 3732 1242 3810 (ἕκαστος)
1265 3732 1350 3813 ἔχων

113 3819 266 3883 σκίπωνά
288 3817 314 3880 τ’
337 3819 506 3901 ἠγόραζον.
530 3819 642 3903 Eupol.
666 3822 718 3883 42.
747 3822 871 3883 οἰκοῦσι
895 3820 924 3884 δ’
948 3820 1058 3884 ἐνθάδ’
1074 3857 1117 3866 -
1134 3819 1241 3903 οἴκημ’
1265 3821 1349 3902 ἔχων

113 3910 257 3978 ἕκαστος.
282 3907 399 3971 Herod.
416 3908 440 3971 I.
461 3909 531 3972 169.
557 3912 584 3971 l.
609 3909 723 3991 ἄνδρες
746 3910 889 3991 ἐγένοντο
906 3909 1036 3991 ἀγαθοὶ,
1060 3910 1132 3992 περὶ
1149 3916 1204 3992 τῆς
1225 3910 1350 3973 ἑωυτοῦ

113 3999 252 4067 ἕκαστος
274 3999 452 4080 μαχομένοι
475 3998 504 4080 (l.
528 3999 732 4081 μαχόμενος).
756 3997 796 4061 Π.
825 3998 895 4061 166.
921 4001 948 4060 2.
972 3998 1009 4062 τά
1033 4000 1066 4068 ἒς
1087 3999 1229 4079 πόλεμον
1252 3999 1349 4062 ἐπασ-

113 4089 228 4151 κέουσι
250 4093 356 4168 μοῦνα
379 4093 453 4157 παῖς
483 4087 572 4169 παρὰ
604 4087 724 4170 πατρὸς
748 4087 967 4170 ἐκδεκόμενος.
1001 4087 1089 4152 VIII.
1116 4089 1187 4150 123.
1215 4093 1278 4158 πᾶς
1305 4112 1349 4157 τις

113 4177 225 4240 αὐτῶν
248 4177 362 4258 ἑωυτῷ
393 4177 512 4240 ἐτίθετο
543 4176 599 4260 τὴν
622 4183 745 4259 φῆφον,
778 4177 873 4247 αὐτὸς
905 4178 1037 4247 ἕκαστος
1070 4178 1195 4241 δοκέων
1224 4178 1351 4258 ἀριστος

114 4265 275 4348 γενέσθαι.
298 4264 382 4329 Xen.
406 4265 510 4328 Anab.
536 4265 607 4329 VII.
632 4269 660 4329 3.
686 4268 737 4329 47.
766 4268 797 4329 οῖ
823 4268 926 4336 ἱππεῖς
949 4268 1086 4349 οἴχονται
1112 4266 1206 4336 ἀλλος
1229 4265 1350 4348 ἀλλαχῆ

115 4356 258 4419 διώκων.
283 4353 323 4417 II.
351 4355 376 4416 1.
404 4356 453 4417 15.
493 4351 580 4418 οὗτοι
616 4355 710 4425 ἀλλος
742 4356 820 4419 ἀλλα
854 4356 941 4437 λέγει.
1015 4354 1270 4439 ἐνδεικνύμενος]
1303 4355 1348 4418 01.

115 4445 243 4508 Aelian.
266 4442 305 4507 V.
330 4441 370 4506 H.
394 4443 434 4507 Il.
459 4445 510 4506 27.
535 4444 696 4527 ἐβουλήθη
721 4443 870 4508 Πλάτωνι
894 4445 1092 4518 ἐνδείξασθαι
1114 4444 1170 4527 τὴν
1193 4445 1311 4528 τέχνην.

210 4534 285 4597 787.
309 4533 612 4618 περιεστεφάνωσεν]
636 4532 720 4619 Lege
742 4534 1015 4618 περιεστεφάνωσέ
1036 4532 1080 4617 μ’.
