3382 5194
367 363 429 425 156
891 381 1069 426 τπειετιιιτι

454 541 527 604 860.
552 539 596 602 01.
621 542 715 604 Arist.
737 541 815 605 Ran.
833 542 906 604 809.
930 541 1029 624 λῆρόν
1051 566 1083 604 τε
1106 541 1188 604 τᾶλλ’
1213 543 1317 624 ἡγεῖτο
1341 547 1398 606 eto.
1423 540 1504 605 Nub.
1521 541 1581 604 365.

364 630 457 693 τᾶλλα
488 630 523 693 δέ
550 629 641 693 πάντ’
666 630 726 694 ἐστὶ
754 631 905 714 φλύαρος.
934 631 1027 695 Alex.
1054 630 1109 694 111.
1134 633 1207 694 422.
1236 631 1319 714 πρὸς
1346 630 1381 694 τδ
1404 631 1519 713 κέρδος
1539 632 1582 693 καὶ

366 719 401 783 τὸ
426 720 523 783 συλᾶν
555 719 629 789 τοὺς
660 720 757 790 πέλας
778 721 782 804 ]
802 722 905 784 πάντα
937 720 1020 783 τᾶλλ’
1049 722 1156 790 αὐτοῖς
1184 722 1328 803 πάρεργα
1357 722 1497 802 γίγνεται.
1521 722 1581 783 395.

364 810 485 879 σποδός
518 807 563 872 τεΙ
582 808 690 882 τᾶλλα,
724 809 915 894 Περικλέης,
949 810 1091 892 Κόδρος,
1130 810 1254 893 Κίμων.
1292 811 1366 874 450.
1399 813 1419 893 ἡ
1444 816 1507 873 τῶν
1533 810 1582 892 γὰρ

364 899 493 981 ἀνδρῶν
526 900 588 962 ε’στι
619 899 701 981 πρὸς
733 901 854 984 ἐκείνην
877 901 954 983 μέλι.
989 901 1160 984 Antiphan.
1186 902 1259 981 232,
1286 901 1311 962 1.
1341 898 1393 981 ἄρ’
1417 900 1479 963 ἐστὶ
1499 901 1582 982 λῆρος

364 989 465 1052 πάντα
490 989 636 1070 (τάλλαΡ)
668 989 751 1071 πρὸς
778 989 813 1052 τὸ
845 990 992 1072 χρυσίον,
1025 990 1139 1072 Amph.
1164 988 1220 1052 III.
1247 991 1318 1052 317.
1352 989 1507 1062 ἐξελαύνει
1532 989 1582 1070 γάρ

364 1081 418 1158 (sc.
442 1078 543 1162 λύπη]
571 1077 698 1160 σφόδρα
720 1079 724 1161 ]
745 1079 842 1162 αὐτὴν
871 1079 1003 1161 (μέθην)
1030 1078 1098 1162 τάχ’
1123 1079 1204 1142 ὥστε
1232 1079 1287 1148 τὰς
1310 1080 1477 1161 ῥαφάνους
1499 1079 1583 1161 λῆρον

365 1168 479 1231 δοκεῖν.
519 1167 579 1249 (Ita
596 1168 683 1232 enim
700 1168 908 1249 corrigendus
925 1168 1051 1231 videtur
1067 1169 1156 1232 locus
1172 1169 1363 1249 mendosus.)
1388 1167 1475 1232 Com.
1491 1169 1582 1250 adesp.

367 1258 459 1320 1270.
497 1257 613 1339 μάταια
650 1258 744 1320 τάλλα
781 1257 868 1340 παρὰ
906 1258 1093 1340 (legendum
1125 1257 1222 1340 πρὸς]
1250 1257 1409 1339 Κρότωνά
1439 1258 1467 1338 γ’
1494 1259 1581 1320 άστεα.

364 1346 524 1409 Xenarch.
551 1348 578 1428 7,
607 1348 633 1408 1.
663 1348 694 1410 οἱ
719 1347 780 1429 μέν
807 1348 933 1430 ποιηταὶ
960 1347 1057 1429 λῆρός
1085 1349 1167 1410 εἰσιν.
1196 1348 1289 1430 Soph.
1314 1348 1362 1411 Fr.
1387 1349 1460 1431 325,
1485 1349 1511 1410 3.
1536 1353 1581 1409 τοῦ

367 1461 401 1518 γε
424 1436 599 1518 κερδαίνειν
622 1436 714 1519 ὅμως
736 1436 739 1519 ]
761 1437 858 1519 ἀπρὶξ
880 1439 1016 1520 ἔχονται,
1041 1437 1129 1500 κάστι
1157 1437 1239 1519 πρὸς
1261 1436 1298 1499 τὰ
1322 1439 1470 1520 χρήματα
1492 1436 1495 1519 ]
1514 1439 1581 1517 ύνη-

367 1531 445 1588 τοῖσι
468 1525 561 1587 τᾶλλα
587 1523 712 1608 δεύτερ’.
746 1527 820 1588 Eur.
845 1527 893 1589 rr.
920 1528 992 1589 301.
1025 1526 1107 1608 πρὸς
1135 1527 1191 1609 τὴν
1219 1527 1362 1609 ἀνάγκην
1389 1527 1489 1589 πάντα
1511 1524 1581 1587 τᾶλλ’

366 1615 426 1677 ἔστ’
451 1615 581 1698 ἀσύενη.
606 1615 724 1697 0196,
744 1617 769 1677 1.
794 1615 860 1678 ἀλλ’
885 1615 979 1678 οὐδὲν
1003 1617 1147 1698 ηὑγένειά
1170 1615 1253 1699 πρός
1272 1615 1309 1678 τὰ
1333 1618 1488 1698 χρήματα.
1511 1615 1581 1678 Xer.

366 1703 467 1767 Anab.
493 1703 563 1766 VH.
583 1706 608 1765 7.
627 1706 677 1767 41.
704 1705 804 1768 καίτοι
823 1704 1015 1788 Ἡρακλείδῃ
1040 1729 1074 1786 γε
1097 1706 1195 1788 λῆρος
1217 1706 1319 1768 πάντα
1344 1705 1485 1788 (τάλλαῒ)
1498 1705 1585 1782 Ιδοκεῖ

364 1793 440 1857 εἶναι
463 1793 545 1875 πρὸς
567 1793 602 1856 τὸ
626 1794 779 1876 ἀργύριον
802 1796 883 1877 ἔχειν
907 1796 942 1858 ἐκ
965 1795 1084 1866 παντὸς
1107 1796 1236 1876 τρόπου.
1262 1795 1392 1858 Aristid.
1416 1794 1456 1857 ΙΙ.
1479 1795 1536 1857 174
1550 1793 1580 1855 D.

364 1885 465 1946 πάντα
490 1883 529 1946 δἸ
544 1882 620 1946 εῖναι
644 1883 801 1966 φλυαρίαν
824 1883 906 1965 πρὸς
929 1885 1057 1948 ἐκεῖνον.

455 1991 528 2054 865.
552 1999 605 2074 τῷ·
620 1992 698 2076 βίῳ]
722 1991 806 2074 Lege
829 1997 885 2054 τοῦ
908 1993 989 2075 βίου.
1026 1991 1072 2056 01.
1097 1993 1190 2076 8ορ1ι.
1214 1991 1263 2055 Fr.
1285 1993 1357 2054 718.
1381 1997 1446 2056 τῶν
1468 1991 1581 2055 πολλῶν

364 2079 473 2143 καλῶν
494 2082 498 2162 ]
518 2081 562 2150 τίς
585 2081 688 2163 χάρις,
713 2082 741 2144 εἶ
756 2105 814 2156 —-;
839 2081 897 2143 AV.
925 2082 996 2143 156.
1021 2083 1081 2144 οὐκ
1105 2083 1218 2164 ἄχαρις
1240 2083 1343 2164 (βίος).
1663 2099 1664 2154 g

454 2170 527 2232 868.
553 2168 596 2232 01.
622 2171 715 2252 Vesp.
742 2171 834 2233 1420.
868 2171 922 2233 καὶ
954 2171 1046 2253 χάριν
1078 2171 1160 2253 πρὸς
1192 2173 1315 2252 εἴσομαι
1348 2173 1401 2252 (sc.
1425 2171 1492 2250 σοι).
1515 2169 1582 2232 Plat.
1663 2159 1664 2184 ¹

364 2259 490 2322 Theaet.
517 2260 579 2321 155
596 2259 631 2322 E.
656 2261 748 2342 χάριν
771 2284 826 2341 μοι
850 2262 934 2333 εἴσει,
963 2261 1019 2323 ἐὰν
1043 2266 1100 2324 ete.
1130 2260 1231 2324 strab.
1255 2259 1345 2324 XIV.
1370 2281 1398 2343 p.
1423 2261 1494 2322 658.
1516 2259 1582 2320 πολ-

367 2349 424 2430 λήν
448 2372 498 2411 σοι
521 2349 613 2430 χάριν
636 2348 708 2412 οίδα
736 2355 791 2431 τῆς
814 2350 895 2430 πρός
917 2373 959 2431 με
986 2357 1077 2433 τιμῆς
1101 2355 1159 2414 etc.
1184 2349 1312 2414 Lucian.
1337 2349 1447 2413 Herm.
1472 2349 1520 2411 86.
1541 2346 1583 2410 σοί

366 2436 394 2500 δ’
419 2436 477 2500 οὗν
501 2439 539 2500 ού
562 2441 681 2520 μικράν
704 2439 797 2522 χάριν
821 2438 900 2501 οίδα.

455 2546 528 2607 872.
554 2543 598 2608 01.
623 2547 696 2608 889.
726 2544 754 2608 ὧ
780 2547 972 2626 γλυκύτατον
996 2545 1033 2609 σὺ
1059 2553 1115 2610 oto.
1146 2548 1223 2610 Ach.
1249 2548 1323 2609 475.
1351 2539 1581 2628 Εὐριπίδιον,αἰ

365 2635 557 2718 γλυκύτατον
580 2635 634 2697 καὶ
657 2636 811 2716 φίλτατον.
880 2635 1103 2719 Μυρρινίδιον]
1124 2635 1386 2718 Ύποκοριστικδν
1410 2643 1446 2699 ut
1464 2633 1580 2716 Εὐριπί-

366 2725 442 2796 διον,
467 2725 697 2806 Σωκρατίδιον,
725 2725 952 2798 Φειδιππίδιον,
977 2725 1139 2809 Δημίδιον,
1165 2730 1222 2789 etc.

454 2815 529 2876 873.
554 2813 676 2897 αύτόσ’]
702 2813 815 2876 01711.
833 2817 906 2877 202.
930 2816 959 2877 τί
981 2814 1009 2877 δ’
1026 2815 1106 2878 ἐστίν
1121 2816 1168 2877 ὅτι
1185 2815 1333 2885 δέδοικας
1349 2815 1452 2878 ε’λύεῖν
1468 2812 1581 2884 αὐτόσε,Ι
1662 2877 1663 2898 ]

454 2904 527 2966 878.
551 2911 597 2985 τῴ
625 2909 703 2984 γοῦν
735 2904 852 2985 παιδίῳ
884 2903 1083 2989 ὑπάκουσον]
1117 2904 1160 2967 01.
1185 2904 1225 2967 ad
1248 2904 1332 2968 Nub.
1358 2905 1431 2968 360.
1464 2904 1500 2966 σύ
1530 2900 1580 2982 γάρ

364 2995 404 3145 (ἓν
427 2993 566 3144 άλ]φ8γ’
589 2993 832 3075 ὑπακούσαιμεν
849 2997 907 3057 etc.
975 2994 1121 3077 μαμμία]
1146 2994 1191 3057 01.
1209 2995 1302 3078 Vesp.
1320 2995 1394 3057 297.
1419 2990 1580 3058 ὦπαππία.
1662 3087 1663 3090 ¹

393 3102 437 3145 ac.
530 3131 536 3146 .

454 3190 527 3251 881.
552 3189 687 3273 ἄδηλον]
713 3190 906 3279 0117115001.
933 3193 962 3271 3,
989 3192 1037 3253 16.
1061 3190 1188 3272 μασδδν
1211 3192 1356 3273 έύήλαζε.

454 3280 526 3340 884.
552 3278 596 3342 01.
620 3279 695 3342 Eur.
718 3279 767 3342 Fr.
786 3282 857 3342 104.
883 3281 985 3343 δεινόν
1012 3306 1038 3342 τι
1061 3283 1182 3344 τέκνων
1205 3281 1334 3363 φίλτρον
1358 3282 1475 3364 έδηκεν
1494 3278 1497 3361 ]
1516 3275 1580 3342 διὸς

366 3369 560 3448 ἀνθρώποις.
629 3370 658 3430 τί
679 3369 739 3450 γὰρ
763 3369 897 3452 πάύαι,·]
931 3370 975 3433 01.
1000 3371 1084 3432 Eecl.
1109 3371 1182 3433 860.
1214 3370 1321 3452 βαδιεῖ
1350 3370 1385 3433 δὲ
1419 3369 1579 3450 δειπνήσαι

364 3459 472 3538 ὅμως,
495 3457 568 3520 ΑΝ.
592 3457 630 3519 Β.
654 3460 683 3520 τί
704 3458 765 3541 γάρ
788 3460 906 3534 πάθοι,
930 3459 1012 3522 Nub.
1038 3461 1110 3522 798.
1135 3461 1195 3522 AV.
1222 3460 1316 3522 1432.

454 3565 527 3627 886.
552 3565 754 3648 άνανώτερον
785 3565 922 3650 βλέπειν]
957 3565 1002 3630 01.
1033 3565 1079 3628 Pl.
1106 3567 1201 3628 1022.
1233 3567 1360 3649 βλέμμα
1387 3603 1428 3612 -
1451 3561 1579 3648 μαλακὸν

364 3654 417 3716 καί
440 3655 540 3717 καλόν
564 3655 594 3736 (l.
613 3655 773 3736 κάγανόν]
799 3659 858 3718 Av.
885 3657 978 3718 1321.
1002 3656 1037 3718 τό
1060 3681 1092 3719 τε
1114 3663 1169 3738 τῆς
1201 3656 1426 3738 ἀγανόφρονος
1445 3653 1579 3735 Ἡσυχίας
1661 3723 1662 3730 .

364 3779 406 3790 -
429 3744 615 3825 πρόσωπον.
655 3745 711 3824 (01.
736 3746 911 3828 epithetum
935 3746 1198 3828 ἀγανοβλέφαρος
1221 3745 1320 3828 (IbyC.
1344 3745 1394 3808 Fr.
1419 3746 1483 3819 4.]-

454 3835 527 3896 887.
550 3835 754 3918 βρενθύεται]
794 3834 838 3897 01.
863 3834 935 3897 Ραο.
961 3837 1011 3896 25.
1045 3835 1108 3898 ύπδ
1141 3836 1348 3918 φρονήματος
1373 3834 1377 3919 ]
1402 3833 1577 3917 βρενθύεται.

363 3923 446 3985 Nub.
472 3924 544 3985 362.
570 3924 615 3985 ὅτι
637 3925 786 4006 βρενθύει
809 3924 834 3985 τ’
859 3925 892 3987 ἒν
915 3931 1012 3987 ταῖσιν
1036 3925 1123 3994 ὁδοῖς
1148 3962 1203 3985 -.

453 4032 526 4093 889.
551 4030 597 4095 01.
623 4032 696 4093 872.
725 4030 753 4094 ὦ
783 4032 975 4114 γλυκύτατον
1002 4031 1222 4114 Μυρρινίδιον.
1252 4033 1330 4096 Αα1ι.
1357 4033 1431 4094 475.
1463 4024 1575 4110 Εὐριπί-

364 4120 441 4192 διον,
471 4119 499 4183 τῖι
529 4120 719 4202 γλυκύτατον
748 4122 801 4184 καὶ
829 4122 984 4203 φίλτατον.
1018 4121 1092 4184 Eur.
1116 4121 1165 4186 Fr.
1192 4124 1264 4185 727.
1293 4121 1445 4186 άπέπτυσ’
1473 4117 1576 4202 ἒχδροῦ

363 4209 473 4290 φωτὸς
505 4210 651 4292 έχδιστον
683 4211 800 4280 πλέκος
824 4213 943 4290 (τέκος).
977 4210 1131 4294 Lycophr.
1157 4216 1234 4293 trag.
1261 4213 1289 4294 l,
1316 4213 1342 4273 1.
1375 4212 1483 4280 παῖδες
1510 4226 1575 4285 κρα-

362 4300 465 4362 τίστου
497 4300 617 4381 πατρὸς
650 4301 860 4373 ἐξωλέστατοι.
900 4300 1048 4364 Imitatur
1071 4301 1271 4383 Aeschylum
1299 4299 1348 4363 Fr.
1374 4303 1446 4364 201.
1473 4296 1575 4380 ἐχθροῦ
1660 4351 1661 4372 ,

362 4389 482 4469 πατρός
505 4413 560 4469 μοι
583 4395 675 4452 τοῦτο
700 4390 807 4471 (δεῦρο
832 4395 886 4452 aut
908 4390 1036 4468 κλῦύιῗ]
1060 4390 1206 4472 φίλτατον
1229 4392 1348 4454 τέκνον.

453 4479 526 4540 896.
551 4484 604 4560 τῆς
628 4479 766 4563 κρόκης]
801 4478 846 4540 01.
870 4479 923 4542 Th.
951 4481 1022 4542 739.
1055 4479 1159 4543 κακὸν
1188 4479 1223 4543 δὲ
1251 4481 1305 4542 καί
1332 4486 1397 4552 τοῖς
1419 4471 1575 4554 σκευαρίοις
