3358 5194
367 399 432 465 244
927 422 1027 468 aunan

458 582 551 642 1182.
575 581 677 643 ε’·κάλει
705 581 758 644 τὸν
786 582 886 664 ἱερέα]
916 581 960 644 01.
983 581 1137 665 Theophr.
1162 581 1252 645 Char.
1276 583 1366 646 XVI.
1400 583 1453 645 καί
1481 584 1576 668 ίερείυι

366 669 501 739 καλέσας
524 671 630 753 σκίλλῃ
648 707 689 716 -
706 671 849 733 κελεῦσαι
873 671 968 734 αὑτὸν
991 672 1214 752 περικαθᾶραι.

458 759 551 821 1184.
576 759 907 843 ἰναποπατησόμενοι]
933 760 977 822 01.
1001 759 1085 824 Εααί.
1111 761 1183 823 359.
1207 760 1346 840 Polyzel.
1366 759 1407 823 II.
1425 763 1494 823 868.
1516 761 1575 822 ἕνα·

365 848 556 930 ποπατήσεις
583 849 617 929 (1.
643 885 684 894 -
708 848 757 929 ει).
790 847 942 932 Theophr.
966 848 1022 912 Oh.
1047 851 1097 911 20.
1136 848 1259 913 δεῖσθαι
1291 851 1427 932 ἐπισχεῖν
1459 851 1516 918 ἕως
1544 852 1576 910 ἂν

366 936 564 1020 ἁποπατηση.

457 1027 550 1089 1187.
575 1024 627 1090 sio
650 1027 774 1090 ἐνθένδ’
797 1027 934 1090 αὐτόθεν
957 1027 1035 1091 Aah.
1062 1028 1133 1090 116.

456 1116 550 1177 1192.
575 1114 678 1179 Schol.
719 1115 754 1180 τὸ
791 1116 1023 1198 ἕξιάρυσόμεθα
1067 1116 1117 1197 (τὸ
1156 1118 1229 1200 ἑξῆς
1270 1117 1469 1199 ἱδρυσόμεθα
1504 1123 1574 1179 reete

365 1201 532 1285 Headlam)
555 1204 609 1268 τὸν
631 1204 787 1268 Πλοῦτον.

457 1294 550 1356 1194.
574 1293 676 1358 Sohul.
701 1294 802 1376 όᾷόας
823 1295 972 1378 ᾐτηκέναι
995 1295 1262 1377 (παρητηκὲναιί).

455 1383 549 1445 1198.
572 1383 775 1464 μαρτύρομαι
799 1384 834 1446 δὲ
858 1382 962 1466 Ζηνὸς
985 1384 1125 1467 ἑρκείου]
1154 1384 1292 1448 ParndIa
1315 1385 1435 1468 tragica
1459 1385 1575 1448 videtur.

364 1469 471 1553 Σίβας
502 1491 559 1553 pru
591 1472 708 1554 χύτρας
736 1472 857 1536 dixisse
889 1473 1043 1555 tragicum
1076 1479 1167 1557 putat
1198 1472 1319 1537 Nauck.
1352 1475 1440 1556 l‘rag.
1465 1495 1491 1556 p.
1514 1476 1575 1535 853.

365 1563 477 1642 Aequa
496 1564 569 1642 jure
592 1563 698 1625 dicere
721 1567 844 1644 poterat
865 1562 986 1643 βρέτας.

456 1649 549 1712 1199.
575 1649 623 1713 Of.
649 1649 764 1713 Eubul.
794 1652 844 1713 55.
882 1651 1003 1733 ἀφελοῦ
1032 1689 1073 1696 -
1102 1651 1181 1734 ταχὺ
1218 1652 1255 1714 τὰ
1293 1652 1429 1716 ποικίλα.
1465 1653 1574 1714 Theseu

364 1737 436 1802 XV.
456 1740 505 1801 78.
529 1737 565 1802 τὰ
581 1740 707 1803 ποικίλα
722 1744 844 1821 πρᾶτον
859 1741 1013 1823 ἄθρησον,
1036 1741 1040 1823 ]
1060 1741 1155 1804 λεπτά
1171 1741 1225 1804 καί
1240 1742 1287 1812 ὡς
1302 1744 1456 1824 χαρίεντα.
1475 1742 1574 1805 Aeseh.

364 1833 423 1910 Ag.
449 1828 522 1890 936.
546 1830 580 1892 Ia
602 1828 755 1898 ποικίλοις
778 1831 817 1892 ἂν
840 1829 941 1910 κάρτα
964 1853 1020 1911 μοι
1042 1831 1138 1913 βῆναι
1162 1831 1257 1893 όοκεῖ.
1283 1831 1360 1894 Plat.
1384 1830 1477 1914 Resp.
1500 1829 1573 1893 VIII.

365 1918 427 1979 557
446 1916 481 1981 0.
505 1918 620 1980 Athen.
644 1917 685 1980 II.
710 1920 752 1980 48
769 1917 803 1980 B.
836 1919 856 2000 ἡ
889 1923 953 1981 τῶν
984 1920 1139 1982 ποικίλων
1170 1920 1246 2002 ὑφή.
1279 1917 1419 2000 Hesych.
1448 1919 1574 1982 ποικίλον

363 2006 485 2086 ἱμάτιον
509 2006 728 2090 ζῳγραφητόν.

455 2096 549 2158 1205.
574 2096 617 2160 01
644 2095 718 2159 Eur.
742 2095 791 2160 Fr.
816 2097 868 2178 68,
892 2099 921 2158 5.
944 2104 991 2179 τῷ
1011 2097 1072 2179 μὲν
1096 2096 1156 2179 γὰρ
1180 2099 1225 2160 ἔνι
1247 2097 1403 2167 κίνδυνος.

455 2185 548 2247 1206.
572 2186 592 2267 ἡ
616 2183 733 2268 χραῦς]
763 2186 806 2249 01.
830 2185 880 2247 Fr.
905 2188 978 2249 446.
1003 2191 1055 2265 (ex
1078 2185 1172 2250 Pluto
1195 2187 1231 2265 I.)
1255 2185 1399 2268 γραΐζειν.
1440 2186 1575 2250 Undein

363 2274 467 2355 priore
489 2273 584 2337 Pluto
608 2275 683 2336 huie
699 2274 837 2338 slmilem
853 2274 961 2338 locum
976 2277 1074 2338 fuisse
1090 2282 1227 2358 apparet.
1252 2277 1367 2338 Athen.
1379 2275 1470 2340 XIII.
1482 2274 1575 2338 5850.

362 2359 547 2445 Μενάνδρῳ
572 2401 613 2408 -
636 2362 782 2445 Γλυκέρα
811 2365 1051 2446 προσενέγκασα
1084 2365 1163 2446 γάλα
1190 2365 1362 2447 παρεκάλει
1390 2367 1536 2448 ῥοφῆσαι·
1560 2363 1575 2425 ό

365 2451 399 2514 dd
423 2449 498 2515 “Ol
521 2451 648 2525 θέλω”,
672 2451 763 2516 εἶπεν.
787 2452 827 2535 ἦν
844 2453 904 2535 γὰρ
920 2455 1108 2536 ἐφεστηκυῖα
1133 2459 1232 2536 γραῦς
1255 2455 1350 2536 αὐτῷ.
1374 2456 1394 2536 ἡ
1413 2454 1448 2518 δὲ
1471 2455 1574 2516 “Ἀπο-
1666 2439 1667 2498 f

364 2541 450 2621 φύσα
474 2541 528 2605 καὶ
554 2549 601 2624 τῷ
623 2542 711 2605 κάτω
739 2543 840 2624 χρῶ.”
880 2543 989 2606 Simile
1018 2547 1066 2606 est
1092 2543 1190 2626 λόπη,
1224 2543 1242 2605 i.
1267 2562 1292 2605 e.
1317 2544 1335 2606 ό
1358 2543 1463 2625 παχὺς
1485 2542 1576 2626 ἀφρὸς

364 2630 382 2692 ό
405 2631 607 2704 ἐπιπολάζων
629 2639 676 2712 τῷ
700 2633 777 2713 οἴνῳ
800 2632 953 2714 πηλώοης
976 2631 1148 2713 (Hesyeh.).

455 2722 549 2784 1209.
573 2719 726 2784 SImIIIter
748 2721 782 2782 in
799 2721 977 2804 Vesparunr
999 2721 1064 2784 fine
1081 2719 1255 2784 Carcinitas
1274 2722 1427 2785 saltantes
1451 2741 1577 2804 sequun-

363 2813 416 2870 tur
439 2809 609 2874 choreutae
634 2818 665 2872 et
687 2811 749 2892 ipsi
773 2810 932 2875 saltantes.

850 3255 1096 3320 RANAE.

452 3418 526 3500 Arg.
566 3417 717 3481 Similiter
733 3423 828 3498 atque
843 3418 1073 3500 Aristophanes
1088 3415 1270 3499 Dionysum
1286 3418 1483 3481 muliebriter
1497 3436 1577 3480 orna·
1664 3429 1665 3435 ’

363 3512 431 3570 tum
454 3507 621 3571 induxisse
644 3508 795 3570 videntur
811 3507 993 3570 Alexander
1008 3508 1149 3570 comicus
1165 3514 1197 3570 et
1212 3506 1395 3587 Aeschylus
1410 3509 1445 3569 in
1462 3507 1576 3570 Edonis.

450 3596 536 3659 Pers.
562 3595 718 3678 Ξανθίας]
756 3595 861 3658 Etiam
895 3596 1009 3659 Alexis
1041 3615 1170 3659 servum
1205 3595 1347 3659 Ξανθίαν
1380 3597 1514 3659 induxit
1544 3593 1576 3654 V.

361 3685 476 3749 Athen.
502 3685 588 3748 VIII.
610 3687 673 3748 336
690 3684 727 3747 D.
768 3685 812 3748 cf.
837 3703 955 3748 nomen
978 3686 1093 3748 servile
1116 3684 1275 3766 Πυρρίας,
1309 3692 1341 3748 et
1359 3687 1420 3750 hou
1443 3707 1462 3748 a
1484 3685 1576 3748 calore

361 3775 545 3857 capillarum
574 3776 705 3837 ductum
728 3772 817 3854 (Rau.
844 3776 915 3837 730.
944 3775 1036 3838 Pher.
1063 3776 1136 3853 145,
1162 3776 1233 3852 21.).
1274 3773 1416 3844 Ξανθίας
1443 3770 1576 3857 σιάηρεὺς

359 3871 554 3926 memoratur
576 3863 655 3926 Poll.
683 3863 750 3927 VII.
777 3864 868 3944 106).

452 3955 478 4015 1.
501 3958 565 4016 τῶν
588 3952 764 4035 εἰωθότων]
794 3951 837 4016 01.
861 3952 974 4035 Eupul.
991 3954 1064 4015 362.
1087 3952 1205 4022 εἰωθὸς
1227 3951 1262 4016 τὸ
1285 3953 1465 4034 κομμάτιον
1486 3957 1575 4016 τοῦτο.

361 4040 403 4104 01.
427 4042 503 4104 Eur.
531 4043 609 4106 Hee.
639 4043 712 4105 358.
749 4043 859 4105 θανεῖν
896 4043 972 4123 ἐρᾶν
1003 4042 1134 4124 τίθησιν,
1168 4042 1228 4105 οὐκ
1260 4042 1379 4112 εἰωθὸς
1411 4045 1457 4106 ὅν.
1492 4041 1574 4106 Herc.

362 4132 455 4193 1108.
479 4137 593 4213 σαφῶς
616 4132 711 4195 οὐδὲν
734 4130 805 4194 olda
828 4136 893 4194 τῶν
916 4131 1089 4194 εἰωθότων.
1113 4131 1208 4194 Thue.
1224 4129 1281 4193 III.
1299 4133 1350 4194 38.
1375 4132 1485 4195 όοῦλοι
1498 4131 1574 4196 ὄντες

358 4226 422 4283 τῶν
446 4221 493 4283 ἀεί
517 4221 657 4296 ἀτόπων,
682 4221 856 4302 ὑπερόπται
876 4219 911 4283 δὲ
926 4225 990 4283 τῶν
1006 4220 1179 4283 εἰωθότων.
1203 4219 1287 4282 Xen.
1304 4220 1398 4283 Mem.
1415 4221 1470 4284 IV.
1486 4222 1514 4282 4.
1530 4220 1573 4280 41.
1662 4283 1663 4290 ¹

359 4309 453 4372 οὐδὲν
476 4310 614 4393 ἠθέλησε
635 4315 700 4373 τῶν
723 4310 889 4373 εἰωθότων
913 4346 954 4354 -
978 4315 1115 4391 ποιῆσαι.

448 4402 477 4462 4.
502 4399 547 4463 01.
571 4400 683 4462 Baton.
707 4398 755 4461 Fr.
782 4400 854 4462 773.
882 4398 1004 4480 μάλιστ’
1029 4398 1100 4480 ἐμοὶ
1116 4399 1271 4482 Ιδήπουθε
1293 4404 1435 4462 κινοῦσιν
1459 4391 1573 4481 χολὴν]

358 4489 389 4550 οἰ
412 4495 469 4552 ete.
1180 4517 1183 4524 ·
