3382 5194
703 409 800 454 noers
1303 389 1364 451 l'll

225 567 296 629 178.
321 567 365 630 01.
390 567 502 652 Eupol.
528 569 601 631 283.
635 568 710 641 ἀλλ’,
744 566 773 631 ὦ
801 568 871 650 φίλε
894 566 972 640 Ζεῦ,
1006 566 1200 650 κατάχυτλον
1227 567 1283 649 τὴν
1306 565 1366 649 ῥῖν’

130 655 221 736 ἔχεις.
245 655 363 719 Herod.
387 656 445 719 ΙΙΙ.
472 658 520 719 12.
547 659 574 719 5.
605 659 907 740 σκιητροφέουσι-
924 658 1034 727 πίλους
1056 657 1164 738 τιάρας
1187 657 1365 739 φορέοντες.

130 744 249 808 Athen.
273 744 345 808 XV.
372 746 435 809 700
453 746 487 808 Ε.
510 747 613 828 τούτῳ
637 745 666 810 δ’
690 748 831 829 ἐχρῶντο
854 746 1005 829 λαμπάδι.

224 835 295 898 179.
321 833 365 898 01.
391 834 484 918 Vesp.
509 836 582 898 239.
614 843 670 918 τῆς
702 835 921 916 ἀρτοπώλιδος
948 835 1075 898 λαθόντ’
1105 836 1284 919 ἐκλέψαμεν
1312 835 1366 899 τὸν

129 923 241 1005 ὅλμον.
273 922 385 1006 Eupol.
410 926 483 987 361.
517 924 689 1008 δεξάμενος
721 925 756 988 δέ
788 924 968 1007 Σωκράτης
1004 924 1060 1008 τὴν
1093 925 1219 998 ἐπιδέξι’
1248 925 1366 1007 (ᾄδων)

129 1011 331 1095 Στησιχόρου
359 1012 441 1095 πρὸς
467 1013 524 1097 τὴν
551 1014 651 1096 λύραν
679 1015 828 1098 οἰνοχόην
857 1015 997 1096 ἔκλεψεν.
1028 1015 1100 1077 218.
1125 1014 1160 1088 ἐξ
1178 1011 1366 1096 Ἡρακλείας

129 1102 287 1184 ἀργύριον
310 1103 461 1185 ὑφείλετο.

226 1193 298 1255 183.
321 1192 488 1276 μαθητιῶ]
518 1191 561 1256 01.
586 1199 772 1276 στρατηγιᾶν
796 1193 899 1275 (Pher.
926 1193 1025 1275 250.),
1052 1198 1219 1275 μαστιγιᾶν
1241 1192 1366 1276 (Eupol.

129 1281 233 1362 429),
257 1286 419 1363 σοφιστιᾶν
442 1280 603 1363 (Eubulid.
627 1283 677 1346 rr.
704 1285 751 1361 l.).

224 1371 295 1433 186.
318 1376 382 1442 τοῖς
406 1372 441 1434 ἐκ
466 1370 579 1435 Πύλου
602 1371 750 1454 ληφθεῖσι
776 1371 834 1455 -]
860 1371 903 1436 01.
928 1371 986 1454 loq.
1011 1372 1105 1434 1201.
1129 1371 1224 1436 Thoe.
1241 1371 1296 1436 IV.
1314 1372 1365 1434 40.

126 1464 198 1522 τῶν>
219 1461 255 1523 ἐκ
278 1466 333 1542 τῆς
356 1459 455 1542 νήσου
479 1461 700 1544 αἰχμαλώτων.

223 1568 295 1631 191.
319 1566 543 1650 ἐγκεκυφότες]
569 1568 613 1630 01.
636 1568 715 1632 Rau.
739 1570 813 1631 425.
837 1568 998 1650 ἐκρύπτετ’
1022 1569 1218 1650 ἐγκεκυφώς.

224 1657 295 1720 198.
320 1656 440 1738 01110.
459 1657 508 1720 74.
532 1657 599 1720 ἀλλ’
623 1657 683 1740 οὐχ
707 1657 775 1720 οἶόν
797 1682 829 1721 τε
851 1657 906 1721 τόν
922 1657 1113 1740 Παφλαγόν’
1130 1657 1225 1721 οὐδὲν
1248 1659 1366 1721 λαθεῖν.

126 1744 204 1808 Eur.
223 1744 272 1808 Fr.
290 1747 364 1827 315,
383 1748 409 1808 l.
434 1746 542 1828 δούλῳ
566 1746 626 1828 γὰρ
651 1747 711 1830 οὐχ
735 1746 857 1810 οἷόντε
880 1747 1005 1830 τάληθῆ
1024 1747 1131 1828 λέγειν.
1154 1747 1244 1828 Trag.
1261 1748 1366 1831 adesp.

128 1837 205 1898 549.
232 1835 354 1917 γέροντι
378 1834 407 1898 δ’
431 1837 491 1918 οὐχ
514 1836 582 1899 οἷόν
605 1859 637 1900 τε
659 1837 813 1919 μηκύνειν
829 1837 955 1919 χρόνον.
995 1835 1048 1900 Sic
1064 1837 1103 1899 οὐ
1120 1835 1256 1900 δυνατὸν
1272 1835 1366 1919 Vesp.

127 1926 204 1988 384.
231 1924 344 2008 Eupol.
371 1925 421 2007 73,
447 1927 475 1986 1.
508 1925 574 1988 ἀλλ’
599 1925 670 2008 σᾶχλ
704 1926 838 1989 δυνατόν
867 1927 955 1989 ἐστιν.
989 1923 1082 2008 Soph.
1107 1927 1157 2008 Aj.
1183 1925 1278 1989 1046.
1311 1932 1371 1989 ποῖ

126 2013 190 2096 γάρ
216 2014 325 2096 μολεῖν
347 2038 404 2097 μοι
428 2013 562 2078 δυνατὸν
587 2039 647 2091 --,·
676 2014 755 2078 Plat.
780 2013 875 2098 Legg.
900 2016 964 2078 816
982 2013 1020 2078 D.
1043 2013 1080 2078 τά
1104 2016 1226 2078 ἐναντία
1249 2016 1367 2098 μαθεῖν

127 2105 166 2167 οὐ
193 2104 339 2167 δυνατόν.

221 2211 295 2274 201.
320 2210 365 2274 01.
395 2208 489 2294 Vesp.
515 2211 588 2275 602.
626 2215 666 2294 ἣν
700 2211 846 2275 δουλείαν
879 2209 978 2274 οὖσαν
1011 2213 1149 2293 ἔφασκες
1177 2216 1234 2275 eto.
1266 2213 1365 2274 1376.

127 2301 145 2363 ὁ
171 2301 201 2363 δ’
228 2300 362 2363 ὄπισθεν
386 2300 457 2382 οὐχὶ
483 2301 634 2382 πρωκτός
657 2303 737 2364 ἐστιν
761 2301 885 2376 οὑτοσί·
912 2299 1061 2365 Menand.
1086 2299 1135 2363 Fr.
1160 2299 1291 2364 Sabbait
1315 2302 1365 2364 26.

125 2391 290 2473 ἐμβαρος,·
322 2388 500 2472 ᾶρχαῖσμδς
532 2387 624 2462 οὗτος
662 2391 824 2473 ῥημάτων.
858 2389 951 2474 Soph.
980 2391 1029 2472 Aj.
1056 2391 1128 2452 114.
1164 2388 1202 2453 σὺ
1237 2389 1266 2453 δ’
1299 2389 1366 2460 οὖν,

126 2479 239 2562 ἐπειδὴ
273 2479 382 2560 τέρψις
414 2478 473 2562 ἥδε
505 2502 555 2542 σοι
586 2479 622 2543 τὸ
647 2481 735 2561 δρᾶν.
768 2479 880 2543 Traoh.
906 2481 979 2542 483.
1003 2481 1158 2561 ἥμαρτον,
1182 2480 1258 2542 εἴτι
1280 2481 1366 2562 τήνδ’

126 2570 290 2652 ἁμαρτίαν
313 2569 423 2652 νέμεις.
447 2568 522 2632 Eur.
546 2567 629 2633 Med.
656 2572 706 2632 14.
730 2569 799 2633 Tro.
818 2571 890 2632 743.
915 2568 963 2632 Fr.
987 2570 1036 2632 59.
1060 2567 1179 2636 Herod.
1195 2567 1251 2631 IV.
1269 2570 1320 2631 65.
1337 2572 1366 2631 4.

124 2660 245 2742 ταύτην
270 2657 491 2741 ἀνδραγαθίην
514 2658 663 2740 λέγοντες.

220 2748 296 2811 206.
321 2754 379 2830 γῆς
401 2749 552 2830 περίοδος
579 2748 699 2832 πάσης]
729 2746 772 2812 01.
797 2747 916 2812 Herod.
939 2748 995 2810 lv.
1021 2748 1072 2811 36.
1101 2748 1206 2828 ὁρέων
1230 2753 1287 2829 γᾶς
1309 2773 1365 2810 πε-

125 2837 261 2918 ριόδους
296 2838 480 2918 γράψαντας
512 2838 660 2909 πολλούς.
693 2837 731 2899 V.
756 2839 808 2900 49.
841 2839 926 2920 ἔχων
958 2837 1095 2920 χάλκεον
1117 2837 1235 2900 πινάκα
1265 2838 1298 2899 ἐν
1321 2846 1368 2919 τῷ

126 2933 184 3010 γῆς
209 2926 339 3008 ἁπάσης
362 2927 512 3008 περίοδος
536 2929 723 3012 ἐνετέτμητο.

220 3034 296 3096 212.
322 3031 366 3095 01.
391 3030 464 3114 Lys.
490 3033 563 3096 965.
592 3041 683 3106 ποῖος
706 3037 746 3097 ἂν
770 3035 868 3116 ὄρρος
897 3032 1157 3115 κατατεινόμενος
1181 3033 1218 3114 (l.
1241 3034 1367 3115 παρα.],·

125 3124 174 3186 Fr.
201 3123 285 3204 421,
311 3123 338 3183 1.
366 3122 583 3205 παρατέταμαι
607 3123 668 3205 γὰρ
696 3123 732 3186 τὰ
761 3122 877 3205 λιπαρὰ
901 3124 1041 3186 κάπτων.
1065 3121 1162 3186 Τ1ιαα.
1186 3121 1243 3186 llI.
1261 3124 1312 3185 46.
1338 3124 1366 3185 2.

124 3211 298 3294 πολιορκίᾳ
325 3235 357 3274 τε
380 3212 623 3294 παρατενεῖσθαι
647 3214 679 3283 ἐς
701 3215 881 3295 τοῦσχατον.
910 3212 1006 3275 Thuo.
1031 3214 1061 3287 8,
1087 3212 1158 3276 104.
1182 3213 1367 3294 παρέτειναν

124 3302 160 3364 τὸ
177 3302 289 3383 κέρας.
314 3301 430 3364 Athen.
448 3302 511 3364 536
523 3301 557 3364 lo.
578 3301 839 3384 κατατεινόμενον
855 3303 884 3382 (1.
900 3301 1025 3384 παρατ.)
1041 3300 1105 3364 ὑπό
1121 3307 1176 3383 τῆς
1191 3302 1366 3382 ποδάγρας.

218 3391 295 3453 214.
318 3396 382 3454 ποῦ
408 3389 497 3465 ὀτιν,·
521 3389 601 3454 MA.
625 3391 709 3455 ὅπου
736 3391 840 3475 ’στίν,·]
870 3389 928 3466 Qu.
951 3397 1075 3454 --ποῦ
1101 3392 1171 3466 ’στι,·
1199 3389 1277 3452 MA.
1301 3396 1366 3453 ποῦ

127 3481 219 3555 ’στιν,’
246 3477 290 3541 01.
308 3480 439 3564 Antiph.
457 3481 508 3561 20,
527 3482 554 3543 l.
578 3483 657 3562 κρέα
682 3480 717 3544 δέ
732 3482 814 3550 τίνος
830 3483 869 3543 ἂν
885 3480 984 3562 ἥδιστ’
1000 3483 1040 3543 ἂν
1055 3480 1173 3550 ἐσθίοις
1179 3503 1190 3554 ;
1214 3479 1252 3542 Β.
1268 3480 1367 3555 τίνος,·

222 3587 299 3650 218.
322 3586 397 3651 οὑπὶ
428 3593 484 3670 τῆς
515 3586 720 3670 κρεμάθρας]
755 3587 799 3651 01.
830 3587 909 3651 Plat.
934 3587 1026 3670 Apol.
1053 3588 1093 3650 10
1111 3587 1143 3650 0.
1176 3593 1272 3649 ταῦτα
1305 3586 1366 3668 γὰρ

126 3679 254 3758 ἑωρᾶτε
285 3676 339 3739 καὶ
371 3675 468 3739 αὐτὸν
496 3678 530 3740 ἐν
561 3684 598 3760 τῇ
628 3677 876 3759 Ἀριστοφάνους
903 3677 1077 3758 κωμῳδίᾳ,
1105 3677 1267 3758 Σωκράτη
1300 3675 1366 3739 τινὰ

124 3768 194 3830 ἐκεῖ
223 3765 536 3848 περιφερόμενον
563 3767 728 3849 φάσκοντά
765 3789 797 3829 τε
833 3767 1016 3849 ᾶεροβατεῖν
1049 3765 1147 3846 (225]
1179 3765 1234 3828 καὶ
1269 3765 1367 3848 άλλην

123 3855 251 3944 πολλὴν
274 3855 433 3937 φλυαρίαν
456 3856 668 3938 φλυαροῦντα.
708 3854 802 3919 Unde
819 3855 1041 3919 circumlatum
1065 3856 1101 3918 in
1119 3855 1268 3918 machine
1290 3873 1367 3939 pen-

123 3947 177 4009 sili
202 3946 305 4010 fuisse
324 3945 547 4029 philosophum
571 3946 720 4029 colligere
743 3946 825 4011 lioot.

218 4054 294 4116 219.
317 4053 508 4137 Σώκρατες]
539 4053 593 4118 Sic
615 4052 780 4136 Εὔκρατες
802 4053 828 4118 F
830 4073 852 4115 r.
878 4054 951 4117 540.
975 4051 1160 4134 Ἐπίκρατες
1184 4052 1262 4115 Plal.
1287 4071 1366 4115 eom.

126 4145 201 4206 122.
226 4141 424 4225 Πρήξασπες
447 4142 564 4208 Herod.
587 4143 645 4207 ΙΙΙ.
671 4143 722 4205 63.
748 4145 775 4206 3.

218 4233 294 4295 220.
319 4232 502 4315 ἀναβόησον
529 4270 567 4278 -
591 4232 691 4316 μέγα]
716 4233 759 4294 01.
784 4231 877 4314 Soph.
903 4231 983 4295 Phil.
1006 4232 1056 4294 57.
1079 4231 1125 4313 μὴ
1150 4232 1251 4312 φώνει
1273 4233 1366 4313 μέγα.

219 4323 295 4384 222.
320 4319 474 4386 Similiter
496 4328 589 4406 poeta
613 4324 752 4405 tragicus
779 4321 942 4386 Sositheus
962 4320 1187 4405 philosophum
1211 4339 1366 4384 coaevum

129 4413 164 4475 in
192 4429 293 4476 soene
315 4429 381 4474 non
405 4411 564 4475 dubitavit
587 4429 849 4493 commemorare,
873 4417 904 4476 et
928 4411 1118 4494 Lycophron
1137 4408 1363 4473 Menedemum

127 4502 165 4566 in
190 4499 304 4566 fabula
327 4502 525 4584 cognomine.
