3460 5196
766 445 844 488 ivre
1376 425 1417 485 45

282 605 355 666 303.
379 602 586 687 κεβλήπυρις]
610 603 747 687 Anglico
772 603 876 666 dicas
900 602 1077 686 red-poll.

282 693 355 756 307.
378 695 522 775 τρέχουσι
555 691 813 775 διακεκραγότες]
847 691 890 754 Of.
914 691 1009 775 Vesp.
1034 692 1107 753 226.
1140 692 1329 773 κεκραγότες
1356 716 1415 774 πη-

188 783 273 845 δῶσι
304 783 358 845 καὶ
389 783 558 865 βάλλουσιν
582 788 639 846 eto.
709 779 967 864 διακεκραγότες]
1003 780 1046 844 Of.
1071 779 1128 863 Eq.
1156 781 1248 844 1403.
1272 781 1418 863 πόρναισι

187 872 439 953 διακεκραγέναι.
483 870 599 935 Confer
627 893 653 933 v.
679 871 872 954 διαβοᾶσθαι
899 870 1000 952 (Dem.
1025 891 1051 952 p.
1077 871 1155 952 806,
1181 870 1229 951 2.).
1254 875 1285 933 et
1308 871 1416 933 διασυ-

186 962 286 1043 ρίζειν
312 963 468 1045 (Apolion.
498 958 574 1043 Dys.
599 980 624 1023 e.
652 961 699 1023 10.
733 961 858 1023 ι’κτίνων
886 961 919 1022 ἐν
947 967 984 1042 τῇ
1012 960 1186 1042 πανηγύρει
1211 997 1252 1005 -
1278 960 1416 1042 διασυρι-

185 1050 347 1131 ζόντων).
861 1062 866 1073 ’

283 1133 354 1202 311.
379 1140 547 1203 ἀποστατῶ
571 1139 684 1223 φίλων]
714 1139 759 1202 01.
784 1139 898 1202 Aesoh.
922 1136 996 1201 Cho.
1021 1137 1094 1201 826.
1119 1138 1289 1202 ἀποστατεῖ
1307 1139 1417 1220 φίλων.

283 1231 354 1292 316.
379 1229 596 1313 ὠφελήσιμον]
621 1229 767 1293 Alterum
786 1229 881 1310 hujus
897 1227 1045 1310 adjectivi
1062 1228 1243 1310 exemplum
1260 1233 1309 1291 est
1324 1227 1418 1311 Soph.

186 1319 242 1400 Aj.
270 1319 362 1381 1022.
386 1319 497 1381 πολλοὶ
519 1318 578 1400 μὲν
602 1318 727 1400 ἐχθροί,
750 1323 857 1398 παῦρα
883 1317 912 1380 δ’
936 1317 1132 1399 ὠφελήσιμα.
1166 1317 1211 1380 Of.
1236 1318 1395 1400 ὀνησιμος.

283 1409 354 1469 321.
378 1410 521 1490 πρέμνον
544 1407 746 1491 πράγματος]
773 1406 819 1470 Cf.
835 1407 922 1489 Trag.
940 1407 1044 1489 adesp.
1063 1408 1135 1469 202.
1159 1408 1302 1488 πρέμνον
1318 1407 1419 1476 έστίας

183 1499 227 1579 (i.¹
240 1517 265 1560 e.
290 1497 435 1579 θεμέλιος
459 1499 572 1571 οἰκίας,
597 1496 755 1580 Hesyoh.).
794 1495 948 1559 Similiter
971 1496 1065 1579 Vesp.
1091 1496 1140 1558 30.
1169 1496 1238 1578 λέγε
1261 1520 1318 1559 νυν
1342 1496 1417 1558 ἀνύ-

183 1609 250 1656 σας
273 1587 328 1668 τὴν
350 1586 460 1668 τρόπιν
483 1589 553 1670 (pro
577 1585 631 1650 τδν
653 1587 783 1668 τρόπον)
805 1592 861 1648 τού
885 1587 1079 1668 πράγματος.

283 1677 354 1738 322.
379 1677 414 1749 ἐξ
436 1676 511 1739 ὅτου
537 1674 681 1759 ’τράφην]
707 1674 752 1739 Of.
777 1675 855 1739 th.
884 1677 930 1737 17.
955 1676 990 1748 ἐξ
1013 1675 1087 1737 ὅτου
1113 1674 1170 1756 ’γὼ
1194 1675 1361 1756 ῥύπτομαι.

283 1766 355 1827 324.
379 1765 424 1828 of.
450 1764 545 1848 Vosp.
569 1768 643 1828 474.
667 1763 696 1828 ὦ
718 1764 878 1847 μισόδημε
901 1765 954 1827 καὶ
971 1765 1153 1845 ’μοναρχίας
1177 1765 1268 1846 ἐρῶν.

283 1855 354 1916 329.
379 1855 546 1937 ὁμότροφά
579 1856 612 1918 θ’
646 1854 732 1938 ἡμῖν]
766 1851 807 1916 Cf.
837 1853 954 1916 Herod.
983 1852 1024 1914 H.
1054 1855 1104 1914 66.
1142 1853 1308 1936 δμότροφα
1342 1860 1418 1916 τοῖσι

183 1945 392 2026 ἀνθρώποισι
415 1944 522 2026 θηρία.

284 2035 355 2095 331.
378 2035 502 2116 παρέβη
528 2033 586 2117 -]
612 2031 654 2095 of.
679 2031 771 2114 Soph.
796 2035 869 2095 Ant.
895 2033 967 2095 796.

284 2124 354 2185 333.
380 2123 426 2186 Cf.
455 2122 624 2206 Philippid.
653 2123 707 2184 IV.
738 2123 811 2184 468.
848 2121 931 2203 μηδὲ
962 2128 1000 2204 τῇ
1037 2122 1113 2203 τύχη
1144 2122 1148 2204 ]
1180 2121 1230 2183 διδ
1263 2121 1419 2184 πλειόνων

184 2213 289 2276 αὑτὸν
311 2213 523 2294 παραβάλλειν
546 2213 752 2295 πραγμάτων.
779 2211 896 2274 Herod.
922 2210 991 2272 Vll.
1019 2212 1068 2272 10.
1093 2211 1203 2292 ἡμέων
1227 2212 1419 2293 ἀμφοτέρων

181 2302 489 2384 παραβαλλομένων
515 2301 552 2364 τὰ
576 2303 676 2364 τέκνα.
704 2301 799 2363 Thuo.
824 2299 847 2361 Ι.
875 2301 945 2362 133.
970 2301 1017 2369 ὡς
1045 2299 1139 2363 ούδὲν
1162 2301 1292 2363 πώποτε
1316 2301 1417 2378 (οὐδε-

181 2393 246 2454 πώ
274 2391 387 2472 ποτεΡ]
420 2391 515 2454 αὐτὸν
543 2393 576 2454 ἐν
604 2397 670 2460 ταῖς
696 2390 778 2471 πρὸς
813 2388 943 2472 βασιλέα
985 2389 1156 2458 διακονίαις
1192 2391 1418 2472 παραβάλοιτο.

186 2481 231 2542 V.
258 2481 329 2542 113.
357 2481 435 2562 τύχη
464 2482 517 2543 καὶ
545 2481 644 2543 ἐλπίσι
671 2481 813 2542 πλεῖστον
842 2479 880 2561 δὴ
909 2478 1187 2562 παραβεβλημένοι
1214 2479 1268 2541 καί
1296 2481 1418 2542 πιστεύ-

181 2593 301 2638 σαντες
323 2569 465 2632 πλεῖστον
488 2571 541 2633 καί
565 2569 775 2651 σφαλήσεσθε.
799 2568 929 2632 Lucian.
955 2571 993 2630 de
1018 2588 1111 2632 mere.
1133 2569 1221 2631 cond.
1241 2570 1290 2630 30.
1314 2593 1418 2650 παρα-

181 2659 387 2742 βαλλόμενος
411 2659 543 2741 ἀνδράσι
566 2661 677 2741 τέχνην
699 2658 734 2721 τδ
758 2663 890 2740 πρᾶγμα
907 2659 1138 2739 πεποιημένοις.
1164 2657 1418 2720 2611067124.

182 2748 258 2811 ἀπὸ
282 2755 345 2811 τῶν
368 2787 410 2794 -
434 2749 729 2831 παραβαλλομένων
756 2755 802 2829 τῴ
825 2747 928 2828 (urii)
951 2747 1099 2827 κινδύνῳ.
1139 2746 1292 2809 Similiter
1318 2771 1417 2828 προσ-

181 2839 313 2900 πίπτειν
335 2839 390 2901 τινὶ
414 2843 446 2901 et
467 2839 549 2920 πρός
571 2861 637 2900 τινα
662 2838 718 2920 Eq.
744 2839 793 2900 31.

285 2929 356 2990 334.
381 2927 426 2991 cf.
450 2927 495 2990 Pl.
520 2929 571 2991 85.
596 2929 631 2997 ὃς
655 2928 715 2990 οὐκ
739 2924 878 2989 ἐλούσατ’
903 2926 938 2999 ἐξ
961 2925 1096 3007 ὅτουπερ
1121 2926 1249 3007 ἐγένετο.

285 3018 356 3079 335.
381 3016 425 3081 Of.
448 3017 502 3080 Th.
529 3018 601 3079 141.
625 3016 760 3098 πότερον
784 3016 830 3084 ὡς
853 3015 934 3096 ἀνὴρ
957 3016 1079 3096 τρέφει;
1234 3025 1238 3032 ’

284 3107 356 3168 336.
381 3105 426 3170 Cf.
451 3108 563 3170 Aesoh.
590 3108 646 3188 Ag.
674 3105 767 3167 1666.
797 3105 862 3167 ἀλλ’
887 3105 950 3186 ἐγώ
981 3105 1009 3166 σ’
1034 3105 1066 3167 ἐν
1090 3106 1263 3186 ὑστέραισιν
1286 3106 1419 3187 ἡμέραις

181 3196 312 3280 μέτειμ’
335 3197 384 3258 ἐτι.
409 3195 483 3258 Eur.
508 3196 575 3280 Iph.
598 3195 630 3257 Τ.
658 3197 750 3257 1443.
774 3194 856 3275 πρὸς
878 3196 938 3275 μέν
962 3195 990 3255 σ’
1014 3194 1063 3256 ὅδ’
1087 3195 1163 3276 ἡμῖν
1185 3195 1306 3275 μῦθος,
1330 3196 1367 3256 δν
1392 3194 1419 3256 δ’

183 3285 399 3367 ἀποκτενεῖν]
422 3285 525 3355 δοκεῖς
543 3284 705 3366 Ὀρέστην,
729 3289 786 3347 eto.

284 3376 356 3438 337.
380 3376 435 3457 τὴν
460 3375 561 3458 δίκην]
596 3374 639 3438 of.
665 3374 758 3457 Soph.
783 3371 818 3435 Ο.
834 3373 870 3436 R.
896 3374 968 3434 552.
1004 3372 1078 3434 Eur.
1107 3373 1182 3435 Her.
1210 3373 1303 3434 1025.
1336 3372 1419 3435 Χευ.

183 3464 277 3529 Heli.
299 3463 340 3528 Π.
366 3466 393 3526 3.
419 3466 446 3528 9.
470 3464 527 3528 ΠΙ.
553 3468 581 3526 3.
608 3464 657 3526 11.
682 3469 738 3526 etc.

284 3554 356 3616 338.
381 3554 427 3624 ὡς
451 3553 658 3635 ἀπωλόμεσθ’
682 3552 761 3635 ἀρα]
786 3551 829 3614 Of.
854 3551 931 3615 th.
957 3553 1030 3614 333.
1054 3551 1101 3621 ὡς
1124 3551 1340 3633 ἀπωλόμεσθ’.

285 3644 356 3706 340.
381 3643 432 3706 ἐπὶ
463 3643 505 3726 τί]
544 3641 809 3722 Quamobrem,
843 3659 967 3724 quare.
1012 3638 1056 3703 01.
1087 3641 1158 3721 Lys.
1185 3641 1278 3703 1101.
1312 3640 1362 3702 ἐπὶ
1393 3641 1423 3702 τί

183 3735 327 3816 πάρεστε
351 3732 463 3815 δεῦρο;
487 3734 561 3795 481.
586 3731 667 3795 Nub.
693 3733 765 3794 256.
790 3730 864 3793 Eur.
890 3729 941 3793 Or.
968 3732 1038 3792 151.

285 3823 357 3885 342.
380 3821 571 3904 τώφθαλμὼ
597 3820 746 3904 ’κκοπῇς]
772 3818 914 3884 6111111).
932 3821 982 3881 24.
1007 3819 1066 3881 εἴθ’
1086 3820 1242 3901 ἐξεκόπην
1264 3819 1420 3900 πρότερον

183 3913 246 3976 τὸν
271 3911 443 3994 ὀφθαλμὸν
466 3911 556 3992 λίθῳ.

285 4003 357 4064 344.
381 4001 566 4083 ἐπίφερε-
584 3999 701 4083 ὁρμάν]
726 3999 771 4063 Of.
795 3999 853 4080 Εἰ]
878 3999 950 4061 837.
975 3999 1003 4060 εἶ
1024 3997 1084 4080 γὰρ
1108 3995 1167 4061 ὧδ’
1192 3997 1337 4070 ἐποίσεις,
1363 4004 1419 4060 eto.

185 4092 246 4156 Sic
270 4091 368 4154 αἰτίαν
391 4091 549 4173 ἐπιφέρειν
571 4091 627 4152 τινὶ
649 4088 767 4154 Herod.
792 4088 815 4152 Ι.
840 4089 890 4151 68.

285 4180 357 4243 348.
381 4179 519 4244 Parodia
551 4199 593 4243 ex
625 4179 831 4242 Andromeda
862 4177 1033 4261 Euripidis.
1078 4176 1181 4240 Sohol.
1213 4175 1250 4238 τὰ
1282 4176 1419 4259 μηδέπω

187 4270 397 4353 διδαχθείσης
420 4276 474 4352 τῆς
498 4270 579 4350 (dele
601 4275 668 4350 τῆς,
694 4273 750 4331 aut
771 4267 808 4330 τὰ
831 4273 885 4349 τῆς
908 4267 1045 4349 μηδέπω
1063 4268 1121 4345 -)
1136 4265 1323 4347 τραγῳδίας.

284 4361 356 4423 353.
381 4358 424 4423 cf.
449 4359 506 4440 idq.
532 4359 604 4420 243.

284 4451 356 4512 354.
380 4448 462 4512 τοῦτ’
486 4446 603 4531 ἐκεῖνα]
629 4445 672 4509 Gi.
688 4446 767 4510 Ron.
787 4447 880 4510 1341.
903 4445 986 4509 τοῦτ’
1003 4445 1101 4507 ἐκεῖν’.
1166 4443 1331 4525 ποῖφύγω
1350 4443 1419 4526 -;]

188 4539 237 4604 Of.
261 4538 306 4602 Pl.
324 4540 396 4602 438.
421 4545 480 4601 ποῖ
497 4563 541 4608 τις
564 4538 668 4620 φύγη;
692 4535 786 4620 Soph.
810 4536 956 4620 11463.
980 4541 1038 4597 ποῖ
1057 4558 1101 4604 τις
1124 4531 1182 4596 οὖν
1205 4533 1309 4616 φύγη,·
