3440 5196
332 389 396 450 282
787 406 1109 452 εειωτοοιεοωιτυειε

333 568 383 650 73,
408 568 458 630 38.
490 572 528 650 τῆ
559 566 737 650 παραδόξῳ
770 568 855 649 ῥοπῇ
887 573 942 650 τῆς
973 567 1069 650 τύχης
1100 573 1138 650 τῇ
1170 566 1271 630 πολλὰ
1305 567 1456 636 πολλακις
1485 567 1562 648 ῆμῖν

332 657 648 740 συγκατειργασμένη.
687 655 759 720 Nisi
781 655 882 719 πολλὰ
907 657 1013 739 potius
1036 655 1075 719 ab
1100 657 1236 740 ἔχουσαν
1259 656 1385 739 pendet.

421 747 493 808 290.
517 745 621 816 ἄλλως
643 745 685 828 τ’]
714 745 798 829 Lege
826 746 930 816 ἄλλως
954 744 991 808 δ’.
1032 745 1076 809 01.
1100 745 1159 808 Av.
1187 746 1282 808 1476.
1305 744 1351 808 Pl.
1376 746 1450 808 976.
1474 769 1561 808 πενι-

330 833 410 918 χρὸν
432 834 501 917 μὲν,
525 835 629 905 ἄλλως
653 834 682 898 δ’
706 834 920 917 εὐπρόσωπον
948 835 1001 898 καὶ
1031 835 1138 899 καλόν.
1207 835 1333 918 ἠλιθίου
1356 832 1561 919 κάβελτέρου]

331 925 376 989 01.
401 923 479 987 Rau.
505 926 577 988 989.
605 925 684 994 τέως
713 924 742 988 δ’
766 924 1010 1007 ἀβελτερώτατοι
1038 924 1272 1007 κεχηνότες-
1295 924 1447 1006 καθῆντο.
1474 923 1561 988 10001.

332 1014 404 1076 768.
428 1013 597 1096 Eup01.11.
614 1015 688 1077 484.
712 1012 839 1077 ἐπειδὰν
861 1014 980 1077 κατίδω
1009 1012 1063 1077 τιν’
1092 1013 1194 1095 ἀνδρα
1219 1014 1342 1096 ἠλίθιον
1364 1013 1562 1077 πλουτοῦντα

332 1102 370 1176 δ’,
395 1101 493 1172 εὐθὺς
512 1103 584 1185 περ]
605 1103 717 1167 τοῦτόν
740 1104 809 1185 εἰμι.
834 1101 909 1166 Eur.
926 1102 975 1166 Fr.
994 1105 1087 1167 1054.
1113 1101 1224 1167 σκαιὸν
1247 1103 1282 1167 τό
1302 1104 1446 1166 πλουτεῖν
1461 1103 1562 1166 κᾶλλο

329 1192 432 1275 μηδὲν
464 1191 585 1256 εἰδέναι.
618 1191 708 1276 Diog.
738 1191 772 1256 L.
801 1191 856 1256 VI.
886 1194 937 1256 47.
975 1192 1029 1256 τόν
1061 1193 1212 1259 πλούσιον
1250 1193 1365 1276 ἀμαθῆ
1396 1192 1563 1276 πρόβατον

262 1299 265 1306 ’
332 1282 398 1346 εἷπε
421 1281 651 1365 χρυσόμαλλον.

420 1373 493 1435 291.
516 1371 746 1455 ποσθαλίσκον]
780 1369 823 1436 01.
856 1372 1022 1443 παιδίσκος
1061 1372 1162 1452 (11001.
1188 1372 1307 1453 1146),
1344 1371 1561 1454 μειρακίσκος,

330 1461 538 1544 κωραλίοκος.
606 1467 683 1525 νοῦν
706 1463 845 1544 ἔχειν-
861 1461 915 1525 καὶ
938 1461 1073 1544 φρένας]
1103 1460 1149 1524 01.
1173 1461 1252 1525 Ran.
1278 1463 1350 1524 534.
1380 1461 1500 1543 ἀνδρὸς
1517 1499 1560 1506 -

330 1557 407 1615 νοῦν
439 1551 566 1633 ἔχοντος
597 1550 651 1614 καὶ
673 1552 800 1632 φρένας.
833 1550 905 1633 LyS.
931 1552 1004 1613 432.
1038 1552 1077 1614 οὐ
1115 1550 1175 1633 γὰρ
1202 1551 1336 1633 μοχλῶν
1365 1550 1414 1614 δεῖ
1437 1550 1562 1632 μᾶλλον

331 1644 349 1722 ῆ
374 1646 431 1704 νοῦ
459 1640 512 1704 καὶ
540 1645 677 1722 φρενῶν.
704 1639 787 1703 Nub.
812 1642 885 1703 834.
913 1640 1033 1722 ἀνδρας
1062 1639 1184 1713 δεξιοὺς
1209 1639 1213 1723 Ι
1238 1639 1293 1703 καὶ
1319 1645 1398 1703 νοῦν
1420 1641 1561 1722 ἔχοντας.

329 1729 473 1792 14462.
497 1730 616 1813 φρένας
639 1731 756 1812 έχουσα
780 1729 834 1793 καί
856 1729 1061 1794 πολύπλοκον
1077 1729 1179 1812 νόημ’.
1210 1728 1383 1794 01011οΠ.
1402 1729 1453 1792 56.
1477 1730 1562 1812 ῆβης

329 1819 355 1882 τ’
379 1819 499 1901 έκείνης
520 1824 579 1883 νοῦ
602 1821 627 1880 τ’
651 1819 772 1883 ἐκείνου
795 1819 850 1882 καὶ
871 1824 1008 1902 φρενῶν.
1033 1817 1117 1884 Men.
1143 1820 1241 1901 60,1.
1266 1819 1451 1901 εὐδαιμονία
1475 1818 1561 1882 τοῦτ’

331 1908 418 1982 ἐστὶν,
451 1908 519 1978 υίὸς
550 1913 627 1972 νοῦν
650 1910 747 1991 έχων·
768 1908 772 1991 ]
794 1908 870 1971 ἀλλὰ
899 1909 1044 1991 θυγάτηρ
1072 1908 1165 1991 κτῆμ’
1190 1908 1270 1972 ἔστὶν
1293 1906 1434 1989 ἐργῶδες
1456 1910 1561 1990 πατρί.

331 1998 449 2061 Archil.
474 1997 522 2060 Fr.
548 1999 620 2061 103.
653 1998 729 2061 νόον
760 2022 792 2061 τε
824 1997 878 2062 καὶ
905 2000 1032 2081 φρένας.
1061 1998 1198 2081 Theogn.
1224 1999 1274 2061 87.
1306 1997 1351 2080 μῆ
1384 1997 1420 2079 μ’
1453 1999 1562 2061 ἔπεσιν

330 2088 390 2169 μέν
423 2088 542 2169 στέργε,
575 2087 650 2151 νόον
684 2087 712 2150 δ’
746 2089 797 2170 έχε
829 2087 882 2150 καὶ
905 2089 1025 2170 φρένας
1048 2087 1135 2170 άλλη.
1160 2087 1253 2170 Soph.
1277 2089 1352 2150 Ant.
1377 2087 1473 2150 1090.
1506 2086 1563 2150 τόν

330 2183 407 2241 νοῦν
429 2176 455 2238 τ’
480 2177 600 2258 ἀμείνω
624 2181 688 2240 τῶν
711 2183 839 2259 φρενῶν
863 2177 892 2258 (1.
916 2177 971 2247 τὰς
994 2178 1114 2259 φρένας
1136 2175 1173 2261 τ’)
1196 2179 1216 2260 ῆ
1240 2181 1297 2240 νῦν
1320 2177 1419 2258 φέρει.

421 2266 493 2328 297.
517 2272 555 2349 τῇ
586 2266 801 2349 κουροτρόφῳ
833 2265 899 2349 Γῆ]
933 2266 979 2329 01.
1009 2266 1087 2330 Plat.
1116 2286 1194 2330 com.
1223 2266 1263 2328 Π.
1289 2267 1361 2329 674.
1394 2265 1466 2348 ἐμοὶ
1499 2265 1562 2348 γὰρ

330 2355 556 2438 Κουροτρόφῳ
577 2355 581 2438 ]
601 2356 777 2438 προθύεται
797 2355 801 2438 Ι
821 2355 964 2425 πλακοῦς
988 2356 1129 2438 ἐνόρχης.
1157 2355 1284 2419 1710000.
1310 2356 1360 2434 13,
1385 2354 1436 2418 50.
1460 2353 1562 2418 Λατὼ

330 2445 560 2527 κουροτρόφος.
593 2443 657 2508 Vit.
685 2445 778 2509 Hom.
807 2465 832 2509 0.
858 2446 908 2508 29.
941 2445 1157 2527 ε’γχρίμπτεται
1185 2443 1305 2527 γυναιξὶ
1331 2443 1562 2526 Κουροτρόφῳ

330 2535 486 2604 θυούσαις
509 2535 542 2597 ἐν
564 2541 602 2618 τῆ
624 2534 755 2616 τριόδῳ,
784 2535 802 2617 ῆ
828 2534 863 2598 δὲ
886 2534 980 2617 ἱέρεια
1011 2533 1076 2598 εἷπε
1103 2533 1184 2615 πρὸς
1212 2533 1309 2597 αὐτόν
1337 2533 1561 2615 δυοχεράνασα

330 2631 367 2708 τῇ
391 2625 461 2706 όιγι,
486 2624 592 2706 Ἄνερ,
625 2623 690 2688 ἀπὸ
721 2629 786 2688 τῶν
813 2625 916 2705 ἱερῶν.
948 2624 1042 2687 Paus.
1066 2623 1090 2686 I.
1115 2625 1166 2687 21.
1191 2625 1219 2686 3.
1252 2624 1315 2686 ἔστι
1349 2622 1383 2686 δὲ
1415 2622 1470 2686 καὶ
1493 2621 1561 2706 Γῆς

330 2713 554 2796 κουροτρόφου
578 2713 632 2776 καῖ
654 2712 823 2796 Δήμητρος
846 2712 931 2794 ἱερὸν
954 2713 1071 2796 Χλόης.

421 2804 494 2866 299.
519 2801 622 2867 Schol.
646 2803 764 2885 ἑτέραις
786 2803 997 2884 (δευτέραιςῗ).

421 2892 493 2956 300.
518 2892 686 2975 ἐκκλησίαν
710 2929 752 2938 -
775 2890 920 2974 ποιῆσαι]
946 2891 990 2955 01.
1014 2893 1093 2956 Aah.
1120 2891 1191 2953 169.
1215 2891 1272 2972 Eq.
1298 2891 1371 2953 746.

421 2982 493 3044 301.
517 2981 663 3045 κάλλιστα
691 2981 745 3044 καὶ
772 2980 899 3064 ἄριστα]
929 2979 973 3043 01.
998 2981 1080 3045 Xon.
1104 2979 1206 3043 Anah.
1230 2978 1287 3044 III.
1314 2982 1340 3042 1.
1366 2980 1394 3042 6.
1424 2981 1561 3063 ἐπήρετο

319 3070 384 3134 τόν
403 3071 549 3134 Ἀπόλλω
573 3071 628 3134 τίνι
651 3073 691 3134 ἂν
713 3071 802 3134 θεῶν
825 3071 919 3134 θύων
941 3069 995 3133 καὶ
1017 3070 1191 3152 εὐχόμενος
1206 3069 1352 3133 κάλλιστα
1371 3068 1425 3132 καὶ
1449 3071 1562 3150 ἄριστα

330 3161 419 3225 έλθοι
441 3159 598 3242 τῆν-ὁδὸν
620 3163 660 3242 ῆν
684 3163 803 3223 ἐπινοεῖ
823 3165 879 3224 etc.
910 3159 990 3223 Plat.
1013 3159 1108 3242 Legg.
1132 3159 1190 3222 IX.
1216 3160 1280 3222 858
1296 3159 1331 3220 Ε.
1371 3157 1424 3221 Sic
1448 3158 1484 3222 εὖ
1508 3160 1563 3223 καὶ

330 3250 438 3320 καλῶς
465 3249 549 3313 10001.
575 3252 648 3313 253.
675 3250 829 3334 Hyperid.
853 3250 977 3313 Euxen.
1002 3269 1029 3331 p.
1056 3250 1133 3330 311,
1159 3249 1210 3311 26.
1239 3248 1293 3311 ἐάν
1316 3271 1360 3318 τις
1383 3285 1424 3293 -
1452 3249 1562 3331 ῥήτωρ

330 3342 378 3404 ῶν
399 3338 445 3422 μὴ
470 3339 543 3421 λέγη
567 3339 603 3400 τό
627 3339 736 3420 ἀριστα
760 3340 918 3421 τῷδήμῳ
940 3345 987 3419 τῷ
1005 3338 1187 3419 Ἀθηναίων
1207 3339 1353 3421 χρήματα
1374 3337 1561 3420 λαμβάνων.

329 3429 443 3493 Aesch.
468 3449 493 3492 0.
518 3428 599 3492 Ctes.
626 3428 697 3491 101.
730 3428 768 3491 όν
791 3451 868 3510 φησι
893 3465 934 3473 -
959 3428 1105 3490 διατελεῖν
1137 3427 1265 3508 λέγοντα
1298 3426 1351 3490 καὶ
1383 3427 1560 3510 πρέποντα

320 3517 366 3602 ,τὰ
389 3519 498 3600 ἀριστα
522 3525 568 3600 τῷ
592 3517 687 3600 δῆμῳ
709 3522 774 3581 τῶν
797 3517 832 3599 (1.
856 3517 917 3599 τῷ)
936 3517 1126 3599 Ἀθηναίων.

418 3608 491 3670 305.
514 3605 672 3689 τυχηρῶς]
698 3605 742 3669 01.
767 3607 845 3670 Ach.
871 3606 943 3669 250.
968 3607 1095 3688 ἀγαγεῖν
1117 3611 1264 3689 τυχηρῶς
1286 3605 1323 3668 τό
1341 3643 1382 3652 -
1400 3604 1560 3670 Διονύσια.

330 3697 445 3761 Aeseh.
469 3698 528 3780 Ag.
553 3698 626 3759 462.
649 3695 788 3779 τυχηρὸν
811 3697 894 3759 ὄντα.
1143 3773 1146 3777 1

420 3787 492 3850 310.
515 3785 599 3849 ταῦτ’
617 3786 749 3868 εὔχεσθε
765 3785 819 3848 καὶ
834 3787 908 3867 ύμῖν
925 3786 1031 3856 αὐταῖς
1053 3784 1196 3868 τάγαθά]
1222 3784 1367 3849 0111001.
1387 3786 1461 3848 781.
1487 3786 1561 3850 ὅταν

330 3875 390 3957 γὰρ
415 3876 608 3958 εὐχώμεσθα
633 3875 755 3938 διδόναι
778 3875 911 3957 τάγαθά.
944 3873 1034 3938 Dem.
1057 3896 1086 3958 p.
1112 3876 1184 3938 800.
1218 3873 1290 3948 ε’ξδν
1322 3875 1480 3957 εὐφημεῖν
1508 3875 1561 3939 καὶ

330 3966 470 4035 ἅπαντας
493 3967 591 4028 άπασι
614 3965 715 4028 πάντα
739 3964 864 4046 τάγαθὰ
888 3964 1045 4047 εὔχεσθαι.

317 4065 319 4076 “
420 4056 493 4117 312.
519 4052 748 4137 0111090111.
765 4055 839 4116 468.
863 4054 984 4136 χαίρετε
1003 4054 1124 4124 πάντες.
1148 4052 1186 4115 Β.
1205 4053 1395 4136 δεχόμεσθα.
1414 4055 1475 4118 Av.
1487 4056 1560 4118 645.

420 4145 493 4206 315.
516 4143 714 4227 χρυσολύρα]
740 4142 787 4206 Sc.
803 4143 968 4207 Ἄπολλον.

420 4235 493 4296 317.
516 4233 700 4316 παγκρατὴς
723 4232 822 4316 κόρα]
847 4231 891 4296 01.
918 4234 989 4296 368.
1014 4231 1042 4296 ῶ
1065 4231 1244 4315 παγκρατὲς
1267 4231 1340 4296 Ζεῦ.

420 4323 493 4386 319.
516 4322 743 4406 περιμάχητον]
769 4322 815 4386 01.
840 4325 899 4385 Av.
926 4323 1019 4385 1404.

419 4413 492 4475 320.
515 4410 705 4495 θηροφόνη]
730 4411 773 4475 01.
797 4409 872 4473 Eur.
896 4409 945 4474 Fr.
971 4413 1043 4494 775,
1068 4412 1118 4474 30.
1146 4411 1278 4493 κυναγοὶ
1301 4447 1345 4458 -
1367 4412 1561 4494 θηροφόνοι.

331 4499 563 4587 Lycophronid.
591 4501 706 4568 Athen.
736 4501 800 4565 670
817 4500 852 4566 Ε.
885 4501 1075 4584 θηροφόνον
1107 4501 1234 4588 λογχίδ’,
1267 4499 1439 4570 11001011.
1465 4502 1560 4568 1478.
